date,CashDividendsPaid,CommonStockDividendPaid,RepurchaseOfCapitalStock,AccountsPayable,CostOfRevenue,BasicEPS,MarketCap,PeRatio,PegRatio,FreeCashFlow,TotalRevenue,NetIncome,TotalAssets,StockholdersEquity
2019-04-30,,,,,,,122971378693.0,22.144,,,,,,
2016-11-30,,,,,,,92920498205.0,22.951,2.658,,,,,
2010-07-30,,,,,,,172342466400.0,,,,,,,
1991-05-31,,,,,,,703836600.0,26.618,,,,,,
2016-01-29,,,,,,,41868308044.0,,,,,,,
2012-05-31,,,,,,,4526084305.0,36.833,2.772,,,,,
2019-11-29,,,,,,,52578492067.0,,,,,,,
2014-11-28,,,,,,,48170812751.0,,,,,,,
2010-04-30,,,,,,,69934349597.0,17.553,,,,,,
2012-07-31,,,,,,,1929782951.0,,0.717,,,,,
2018-09-30,-31000000.0,-31000000.0,-104000000.0,407000000.0,1593000000.0,5.29,,,,-209000000.0,2083000000.0,229000000.0,6199000000.0,1825000000.0
1986-04-30,,,,,,,739410870.0,12.582,,,,,,
1998-10-30,,,,,,,21510473404.0,,,,,,,
1997-12-31,-852000000.0,,-784000000.0,10407000000.0,14476000000.0,,239775959640.0,29.827,,2245000000.0,24876000000.0,2350000000.0,304012000000.0,34438000000.0
2018-09-28,,,,,,,213659641976.0,,,,,,,
1993-05-31,,,,,,,6556577675.0,,,,,,,
1990-09-30,-86000000.0,,-147000000.0,4974000000.0,6644000000.0,0.55,,,,482000000.0,7176000000.0,378000000.0,14008000000.0,6828000000.0
2012-01-31,,,,,,,197821148070.0,15.167,0.843,,,,,
1988-04-29,,,,,,,36993986416.0,,,,,,,
2014-11-28,,,,,,,5262012120.0,,,,,,,
1988-06-30,,,,,,0.24,8941327589.0,16.739,,,4726000000.0,,,
1997-04-30,,,,,,,35549103688.0,25.032,,,,,,
1986-08-29,,,,,,,2267619613.0,,,,,,,
2012-09-30,-332000000.0,,,9152000000.0,16794000000.0,1.36,,,,1168000000.0,20008000000.0,1032000000.0,83654000000.0,7588000000.0
2019-02-28,,,,,,,19455288598.0,23.035,,,,,,
2006-05-31,,,,,,,31307152348.0,15.725,,,,,,
2020-11-05,,,,,,,88510793307.0,,,,,,,
1988-11-30,,,,,,,9471099878.0,16.398,,,,,,
2020-08-31,,,,,,,93186969518.0,42.657,,,,,,
2003-04-30,,,,,,,22527406301.0,40.691,,,,,,
2000-08-31,,,,,,,2074288348.0,88.424,,,,,,
2010-02-26,,,,,,,5915039858.0,,,,,,,
2006-08-31,,,,,,,351613607540.0,18.714,,,,,,
1999-09-30,-1148000000.0,,,12570000000.0,9522000000.0,0.27,390692204235.0,38.245,,1188000000.0,27112000000.0,2653000000.0,380224000000.0,39973000000.0
2011-11-30,,,,,,,23524808595.0,9.213,1.051,,,,,
2018-02-28,,,,,,,18539658738.0,30.087,,,,,,
1986-05-30,,,,,,,761548920.0,,,,,,,
2002-12-31,,,2900000.0,106100000.0,388700000.0,0.125,1744527970.0,20.388,,17900000.0,523900000.0,16300000.0,2008600000.0,1162800000.0
2021-06-11,,,,,,,107760564664.0,,,,,,,
2007-10-31,,,,,,,8232492849.0,17.011,,,,,,
2002-10-31,,,,,,,29210905687.0,15.227,,,,,,
2013-07-31,,,,,,,6102677039.0,13.719,3.639,,,,,
1997-11-28,,,,,,,17459296380.0,,,,,,,
1986-06-30,,,,,,0.305,2312962455.0,6.365,,,2332100000.0,,,
1998-06-30,-27000000.0,,,213000000.0,923000000.0,0.365,5883877500.0,17.416,,17000000.0,1178000000.0,92000000.0,4096000000.0,2064000000.0
2000-12-29,,,,,,,476164737171.0,,,,,,,
2004-07-30,,,,,,,42601282097.0,,,,,,,
2001-05-31,,,,,,,15577557797.0,16.286,,,,,,
2006-04-28,,,,,,,6252813538.0,,,,,,,
1986-01-31,,,,,,,7481527027.0,13.078,,,,,,
2003-06-30,-5300000.0,,-3100000.0,114000000.0,446700000.0,,1995050511.0,33.389,,26600000.0,579700000.0,700000.0,2080300000.0,1183200000.0
1999-08-31,,,,,,,14620794496.0,45.122,,,,,,
2003-09-30,-63000000.0,,0.0,1353000000.0,3797000000.0,0.665,15435341711.0,15.834,,320000000.0,4427000000.0,262000000.0,15880000000.0,5586000000.0
2013-03-31,-371000000.0,-371000000.0,-461000000.0,2123000000.0,9999000000.0,2.37,,,,1979000000.0,11070000000.0,761000000.0,39580000000.0,304000000.0
1986-10-31,,,,,,,691941680.0,11.013,,,,,,
2018-12-31,-622000000.0,-622000000.0,-666000000.0,2402000000.0,12469000000.0,4.43,73577040000.0,24.795,1.049,1758000000.0,14411000000.0,1253000000.0,44876000000.0,1394000000.0
2020-12-24,,,,,,,106720203255.0,,,,,,,
1989-02-28,,,,,,,9474258971.0,15.282,,,,,,
2020-12-31,-728000000.0,-728000000.0,0.0,880000000.0,14818000000.0,6.41,99394400000.0,15.164,2.154,1085000000.0,17032000000.0,1792000000.0,50710000000.0,6015000000.0
2018-09-28,,,,,,,60654734759.0,,,,,,,
2006-08-31,,,,,,,27250150212.0,17.21,,,,,,
2006-10-31,,,,,,,63148444890.0,36.972,,,,,,
2001-06-30,-48000000.0,,,1007000000.0,5568000000.0,0.34,,,,27000000.0,5961000000.0,144000000.0,28968000000.0,7410000000.0
2017-02-28,,,,,,,57463503435.0,19.231,4.088,,,,,
1994-12-31,-58000000.0,-43000000.0,,1306000000.0,,,,,,46000000.0,6604000000.0,233000000.0,18049000000.0,6086000000.0
2020-09-30,-42000000.0,-42000000.0,0.0,429000000.0,1878000000.0,5.47,5700375000.0,10.919,1.135,152000000.0,2314000000.0,222000000.0,8445000000.0,1880000000.0
2014-04-30,,,,,,,37526106351.0,15.372,2.85,,,,,
2006-11-30,,,,,,,70004155098.0,40.986,,,,,,
1996-05-31,,,,,,,29492137331.0,88.802,,,,,,
1999-05-31,,,,,,,28022343605.0,24.315,,,,,,
1996-04-30,,,,,,,13458503168.0,19.285,,,,,,
2010-11-30,,,,,,,24965094086.0,10.183,1.098,,,,,
1991-08-30,,,,,,,5819039059.0,,,,,,,
2020-03-31,-693000000.0,-693000000.0,-756000000.0,3166000000.0,13560000000.0,6.1,94567050000.0,15.442,1.972,2021000000.0,15651000000.0,1717000000.0,49248000000.0,3446000000.0
2021-03-05,,,,,,,95355611015.0,,,,,,,
1986-08-29,,,,,,,35887365144.0,,,,,,,
2007-05-31,,,,,,,386628940060.0,18.79,,,,,,
2010-06-30,-319000000.0,,,6960000000.0,12540000000.0,1.07,47761491639.0,46.481,,9000000.0,15573000000.0,787000000.0,63755000000.0,3077000000.0
2009-04-30,,,,,,,19948149112.0,8.15,0.905,,,,,
2011-11-30,,,,,,,25287033246.0,9.696,1.367,,,,,
2018-02-28,,,,,,,213157076271.0,26.97,1.099,,,,,
1994-07-29,,,,,,,15200670334.0,,,,,,,
2012-12-31,-5000000.0,,,377000000.0,1489000000.0,,2149664000.0,14.893,0.778,303000000.0,1823000000.0,50000000.0,6392000000.0,667000000.0
1989-07-31,,,,,,,1733160722.0,5.12,,,,,,
2005-03-31,-2336000000.0,,,23473000000.0,15542000000.0,0.37,382449475200.0,22.123,,6911000000.0,39726000000.0,3965000000.0,752223000000.0,112872000000.0
2012-09-30,-1800000000.0,,,15851000000.0,18509000000.0,0.66,,,,2670000000.0,36349000000.0,3491000000.0,698880000000.0,122552000000.0
2010-11-30,,,,,,,69504851965.0,16.434,1.222,,,,,
2009-11-30,,,,,,,25424305011.0,10.561,,,,,,
2017-12-29,,,,,,,151327883250.0,,,,,,,
2010-07-30,,,,,,,27241738527.0,,,,,,,
2013-08-30,,,,,,,29126497596.0,,,,,,,
1995-09-29,,,,,,,108864260531.0,,,,,,,
1999-12-31,-1147000000.0,,-260000000.0,13676000000.0,12203000000.0,,509946254329.0,48.059,,-2219000000.0,32453000000.0,3089000000.0,405200000000.0,42557000000.0
2007-01-31,,,,,,,31707650077.0,18.607,,,,,,
1992-08-31,,,,,,,791822430.0,9.031,,,,,,
2000-02-29,,,,,,,24149492522.0,30.872,,,,,,
2006-04-28,,,,,,,66724887911.0,,,,,,,
1994-10-31,,,,,,,14951991016.0,17.139,,,,,,
1993-10-29,,,,,,,2979177945.0,,,,,,,
2007-03-30,,,,,,,6784550708.0,,,,,,,
2007-06-30,-14000000.0,,-199900000.0,350000000.0,827400000.0,,,,,85000000.0,1207600000.0,87600000.0,4406000000.0,1903800000.0
2009-04-30,,,,,,,133958123750.0,7.857,,,,,,
1987-03-31,,,,,,0.17,8035978593.0,12.665,,,3763000000.0,,,
1987-07-31,,,,,,,865904000.0,10.097,,,,,,
1994-10-31,,,,,,,83644987145.0,15.37,,,,,,
1987-09-30,,,,,,0.12,935426100.0,10.5,,,506600000.0,,,
1985-09-30,,,,,,0.08,526514640.0,7.845,,,559900000.0,,,
1988-10-31,,,,,,,39430936150.0,13.982,,,,,,
1990-03-31,-10400000.0,,,1020200000.0,2083800000.0,0.375,,,,46500000.0,2491000000.0,123700000.0,6930000000.0,2246500000.0
1991-02-28,,,,,,,59431591591.0,13.821,,,,,,
2017-09-29,,,,,,,61563357255.0,,,,,,,
1999-04-30,,,,,,,38104709093.0,25.391,,,,,,
1996-08-30,,,,,,,31288585453.0,,,,,,,
2021-01-08,,,,,,,94035317366.0,,,,,,,
2006-12-31,-246000000.0,,-738000000.0,4263000000.0,9521000000.0,,,,,1304000000.0,12787000000.0,865000000.0,47141000000.0,17297000000.0
2019-10-31,,,,,,,9252060000.0,13.999,,,,,,
2018-09-28,,,,,,,19901048006.0,,,,,,,
1993-01-29,,,,,,,73747484563.0,,,,,,,
2010-02-26,,,,,,,171357325260.0,,,,,,,
2016-12-31,-530000000.0,-530000000.0,-816000000.0,1653000000.0,12399000000.0,3.39,,,,293000000.0,13752000000.0,988000000.0,47806000000.0,1511000000.0
2016-12-31,-28000000.0,-28000000.0,-42000000.0,316000000.0,1480000000.0,,,,,205000000.0,1922000000.0,197000000.0,6352000000.0,1653000000.0
2015-04-30,,,,,,,58734317137.0,16.841,3.363,,,,,
1988-06-30,,,,,,0.2,1582482822.0,4.194,,,2340600000.0,,,
1991-04-30,,,,,,,1116856844.0,,,,,,,
2005-08-31,,,,,,,5142375243.0,26.445,,,,,,
1993-06-30,-67000000.0,,,1620000000.0,4124000000.0,0.015,6714306000.0,,,438000000.0,5508000000.0,130000000.0,15882000000.0,3595000000.0
2003-07-31,,,,,,,2149077705.0,35.967,,,,,,
2004-07-30,,,,,,,23574499760.0,,,,,,,
2009-05-29,,,,,,,32522452633.0,,,,,,,
2013-06-28,,,,,,,2832258788.0,,,,,,,
1991-09-30,-10000000.0,,,2828000000.0,1915000000.0,0.22,1384236400.0,,,159000000.0,2091000000.0,71000000.0,6343000000.0,1824000000.0
2003-07-31,,,,,,,35268926420.0,16.57,,,,,,
1991-11-29,,,,,,,15184166250.0,,,,,,,
2007-08-31,,,,,,,398268899990.0,18.51,,,,,,
1986-02-28,,,,,,,699738820.0,11.593,,,,,,
2010-11-30,,,,,,,24503136608.0,9.529,1.171,,,,,
2021-01-29,,,,,,,93615465240.0,,,,,,,
1991-12-31,-10100000.0,,,149800000.0,481500000.0,0.125,722922020.0,8.039,,39100000.0,755700000.0,19200000.0,2417400000.0,1045100000.0
2007-07-31,,,,,,,72370458997.0,19.003,,,,,,
2012-12-31,-360000000.0,,0.0,2469000000.0,7280000000.0,-6.07,24690451947.0,,3.21,618000000.0,8078000000.0,-2130000000.0,34309000000.0,11390000000.0
2001-06-29,,,,,,,34501527110.0,,,,,,,
2010-12-31,-368000000.0,-368000000.0,-556000000.0,5206000000.0,11000000000.0,,72522295680.0,16.608,1.271,1290000000.0,14818000000.0,1199000000.0,58493000000.0,21385000000.0
2001-10-31,,,,,,,26013895480.0,8.556,,,,,,
2017-09-30,-2085000000.0,-2085000000.0,,14907000000.0,24094000000.0,0.21,,,,-577000000.0,31327000000.0,1836000000.0,378038000000.0,76105000000.0
2020-09-30,0.0,0.0,,14479000000.0,13105000000.0,-0.79,93291957623.0,,,-5081000000.0,14139000000.0,-449000000.0,161261000000.0,-11821000000.0
1996-05-31,,,,,,,3893962062.0,15.57,,,,,,
2004-03-31,-98000000.0,,,1611000000.0,7879000000.0,0.66,20482840043.0,18.705,,956000000.0,8347000000.0,291000000.0,26823000000.0,7024000000.0
2017-02-28,,,,,,,259606756142.0,29.81,1.393,,,,,
2017-05-31,,,,,,,81371125489.0,22.708,3.373,,,,,
2018-08-31,,,,,,,10590044847.0,18.042,,,,,,
2013-06-28,,,,,,,34751161224.0,,,,,,,
2002-04-30,,,,,,,33180524310.0,18.039,,,,,,
1989-12-31,-9600000.0,,,135000000.0,468900000.0,0.195,,,,5600000.0,761100000.0,30800000.0,2538300000.0,1034200000.0
2001-06-30,-149000000.0,,-1409000000.0,5216000000.0,12967000000.0,1.02,,,,906000000.0,15516000000.0,840000000.0,44697000000.0,11495000000.0
2008-01-31,,,,,,,44044607827.0,15.2,,,,,,
2010-09-30,-229000000.0,-229000000.0,-319000000.0,2352000000.0,10577000000.0,1.59,25669952637.0,9.983,,342000000.0,11375000000.0,571000000.0,35551000000.0,3918000000.0
2016-06-30,-63000000.0,-63000000.0,0.0,602000000.0,1319000000.0,1.29,10407126926.0,94.818,,349000000.0,1904000000.0,160000000.0,11996000000.0,3056000000.0
2020-02-28,,,,,,,104254661779.0,,,,,,,
1989-02-28,,,,,,,1506774318.0,3.998,,,,,,
2014-07-31,,,,,,,39038073481.0,16.218,2.849,,,,,
2007-09-30,-118000000.0,,-313000000.0,1926000000.0,6033000000.0,1.35,,,,811000000.0,6834000000.0,546000000.0,23883000000.0,10910000000.0
2018-09-30,-82000000.0,-82000000.0,-200000000.0,480000000.0,1010000000.0,1.81,,,,86000000.0,1542000000.0,213000000.0,9889000000.0,3244000000.0
2020-08-25,,,,,,,98626127990.0,,,,,,,
1989-09-29,,,,,,,1731355659.0,,,,,,,
2018-11-30,,,,,,,196919930554.0,20.41,1.222,,,,,
2009-09-30,-219000000.0,-219000000.0,-393000000.0,2245000000.0,10060000000.0,2.09,29731511498.0,10.207,0.853,1242000000.0,11056000000.0,797000000.0,35742000000.0,3140000000.0
1998-07-31,,,,,,,291297630350.0,33.878,,,,,,
2010-02-26,,,,,,,47853527632.0,,,,,,,
1986-10-31,,,,,,,34851577755.0,13.813,,,,,,
2011-09-30,-411000000.0,-411000000.0,-675000000.0,5597000000.0,10756000000.0,1.49,63752328390.0,13.201,1.177,1744000000.0,14804000000.0,1324000000.0,61948000000.0,22590000000.0
2014-08-29,,,,,,,98781185527.0,,,,,,,
2003-02-28,,,,,,,12891248368.0,11.44,,,,,,
2017-10-31,,,,,,,153647347363.0,23.799,2.382,,,,,
2011-10-31,,,,,,,48897394202.0,13.002,1.146,,,,,
2012-06-30,0.0,,,314000000.0,1443000000.0,1.01,,,,121000000.0,1721000000.0,50000000.0,5812000000.0,994000000.0
1996-01-31,,,,,,,12528390872.0,18.006,,,,,,
1998-07-31,,,,,,,19510867671.0,,,,,,,
1991-01-31,,,,,,,853242874.0,,,,,,,
1988-09-30,,,,,,0.21,9800392453.0,16.968,,,3722000000.0,,,
2014-11-28,,,,,,,100355348416.0,,,,,,,
1998-02-27,,,,,,,20470186043.0,,,,,,,
1990-11-30,,,,,,,5385238905.0,62.853,,,,,,
2000-09-29,,,,,,,13024361799.0,,,,,,,
1989-12-29,,,,,,,840229700.0,,,,,,,
2003-03-31,-54000000.0,,-279000000.0,1086000000.0,6587000000.0,0.56,21402161231.0,38.659,,466000000.0,7059000000.0,250000000.0,25015000000.0,5839000000.0
1997-07-31,,,,,,,19908479700.0,22.475,,,,,,
2016-11-30,,,,,,,272114956400.0,35.356,1.332,,,,,
2008-02-29,,,,,,,69206838833.0,16.513,,,,,,
2017-04-28,,,,,,,111559874751.0,,,,,,,
2013-07-31,,,,,,,29857721380.0,,3.835,,,,,
1995-03-31,-62000000.0,,-17000000.0,1823000000.0,3976000000.0,0.016,8528597872.0,15.587,,-52000000.0,5318000000.0,135000000.0,15695000000.0,4161000000.0
1991-09-30,-86000000.0,,,5656000000.0,6931000000.0,0.59,17414608750.0,11.748,,-113000000.0,7657000000.0,401000000.0,16118000000.0,7942000000.0
2009-04-30,,,,,,,30539139128.0,10.081,0.822,,,,,
2015-01-30,,,,,,,5631780000.0,,,,,,,
1989-04-28,,,,,,,694177880.0,,,,,,,
2018-06-29,,,,,,,195461742251.0,,,,,,,
2019-09-30,-35000000.0,-35000000.0,-66000000.0,616000000.0,1802000000.0,3.74,8683390000.0,13.138,,248000000.0,2219000000.0,154000000.0,7184000000.0,1705000000.0
2020-08-27,,,,,,,43739980543.0,,,,,,,
2002-09-30,-60000000.0,,-71000000.0,1041000000.0,2688000000.0,0.665,16341920660.0,16.43,,208000000.0,3289000000.0,268000000.0,12090000000.0,5121000000.0
1994-05-31,,,,,,,1393926300.0,11.178,,,,,,
1987-02-27,,,,,,,2407516524.0,,,,,,,
2016-07-29,,,,,,,10796611914.0,,,,,,,
2020-05-29,,,,,,,57468394440.0,,,,,,,
2006-11-30,,,,,,,64765590641.0,18.126,,,,,,
1992-09-30,-17000000.0,,,2369000000.0,1545000000.0,0.475,2069884705.0,10.904,,170000000.0,857000000.0,120000000.0,5029000000.0,1655000000.0
2017-06-30,-27000000.0,-27000000.0,-139000000.0,325000000.0,1489000000.0,3.22,8470280000.0,15.736,,107000000.0,1858000000.0,147000000.0,6190000000.0,1650000000.0
1994-10-31,,,,,,,1262904100.0,10.946,,,,,,
2014-12-31,-510000000.0,-510000000.0,-405000000.0,6967000000.0,12360000000.0,1.64,104578125000.0,16.987,1.942,1620000000.0,16996000000.0,1473000000.0,91289000000.0,31213000000.0
1995-12-29,,,,,,,1653800400.0,,,,,,,
2011-08-31,,,,,,,172891496470.0,12.643,1.142,,,,,
2000-09-30,-3400000.0,,-51600000.0,115500000.0,335600000.0,-0.255,,,,-46200000.0,460400000.0,-34800000.0,2149900000.0,1227400000.0
1993-12-31,-537000000.0,,-148000000.0,11956000000.0,11891000000.0,,89803518690.0,20.325,,3141000000.0,17892000000.0,1477000000.0,251506000000.0,25824000000.0
2005-07-29,,,,,,,51955262084.0,,,,,,,
2014-09-30,-207000000.0,-207000000.0,-426000000.0,2390000000.0,6274000000.0,2.1,42116322183.0,17.651,3.07,2329000000.0,7751000000.0,696000000.0,35311000000.0,13010000000.0
2007-09-30,-2883000000.0,,,18716000000.0,18258000000.0,0.54,,,,6992000000.0,42534000000.0,5539000000.0,761706000000.0,112831000000.0
2013-07-31,,,,,,,38550903190.0,13.466,2.253,,,,,
2006-05-31,,,,,,,5467351669.0,26.442,,,,,,
2011-02-28,,,,,,,76956566809.0,17.624,1.179,,,,,
2020-11-05,,,,,,,38038683178.0,,,,,,,
2012-09-30,-463000000.0,-463000000.0,0.0,6156000000.0,11003000000.0,1.58,,,,1177000000.0,15042000000.0,1415000000.0,91946000000.0,24955000000.0
1996-11-29,,,,,,,17464137161.0,,,,,,,
2011-03-31,-1429000000.0,-1429000000.0,,252000000.0,1450000000.0,0.92,2023782401.0,14.991,,-427000000.0,1684000000.0,45000000.0,5805000000.0,1362000000.0
2016-12-30,,,,,,,52578345503.0,,,,,,,
2007-09-30,-274000000.0,,-871000000.0,28762000000.0,13134000000.0,1.47,,,,2912000000.0,16517000000.0,1114000000.0,54787000000.0,6406000000.0
2008-09-30,-170000000.0,,-408000000.0,2030000000.0,9455000000.0,1.97,43467883700.0,14.224,,804000000.0,10577000000.0,782000000.0,29357000000.0,9808000000.0
2017-01-31,,,,,,,8960952000.0,21.527,,,,,,
2009-06-30,-147000000.0,,0.0,2427000000.0,7155000000.0,1.6,21326161809.0,8.723,,517000000.0,8100000000.0,618000000.0,28858000000.0,11001000000.0
1996-06-30,-765000000.0,,-823000000.0,8453000000.0,7072000000.0,0.19,,,,1579000000.0,18901000000.0,1908000000.0,242081000000.0,29296000000.0
1994-01-31,,,,,,,14710968500.0,13.186,,,,,,
2018-12-31,-970000000.0,-970000000.0,-585000000.0,12916000000.0,22090000000.0,6.0,183064283452.0,18.982,,2439000000.0,28341000000.0,3424000000.0,117359000000.0,339000000.0
2011-07-29,,,,,,,75277779204.0,,,,,,,
2005-11-30,,,,,,,5963642869.0,29.137,,,,,,
2014-08-29,,,,,,,260680819528.0,,,,,,,
2019-03-31,-268000000.0,-268000000.0,-133000000.0,3008000000.0,7633000000.0,2.59,,,,-976000000.0,9261000000.0,745000000.0,47466000000.0,12234000000.0
1997-08-29,,,,,,,204537722842.0,,,,,,,
2006-05-31,,,,,,,356249115480.0,19.247,,,,,,
2005-01-31,,,,,,,20663408045.0,17.295,,,,,,
1991-03-31,-10000000.0,,0.0,145100000.0,462800000.0,0.175,,,,3900000.0,750300000.0,27100000.0,2585100000.0,1015200000.0
2000-01-31,,,,,,,441575118588.0,41.615,,,,,,
1993-08-31,,,,,,,1181783360.0,10.582,,,,,,
2015-07-31,,,,,,,5614467535.0,17.165,,,,,,
2006-11-30,,,,,,,363669838560.0,18.766,,,,,,
2018-05-31,,,,,,,122289559040.0,,2.703,,,,,
2006-01-31,,,,,,,59270480352.0,18.708,,,,,,
2016-03-31,-62000000.0,-62000000.0,0.0,529000000.0,1312000000.0,1.35,9705574221.0,110.773,,87000000.0,1909000000.0,168000000.0,11900000000.0,3366000000.0
2017-09-30,-69000000.0,-69000000.0,-75000000.0,452000000.0,898000000.0,1.35,,,,72000000.0,1413000000.0,161000000.0,10099000000.0,2987000000.0
1991-11-29,,,,,,,5792844604.0,,,,,,,
2016-03-31,-533000000.0,-533000000.0,-501000000.0,2715000000.0,10368000000.0,2.61,67436343708.0,19.328,3.371,1412000000.0,11702000000.0,794000000.0,50158000000.0,3177000000.0
2012-01-31,,,,,,,55242199912.0,13.917,1.133,,,,,
2020-11-19,,,,,,,43042952778.0,,,,,,,
1996-10-31,,,,,,,17271431567.0,16.879,,,,,,
2017-12-31,-842000000.0,-842000000.0,-1736000000.0,12202000000.0,20427000000.0,5.25,,,,2469000000.0,25368000000.0,3132000000.0,92333000000.0,355000000.0
2006-09-30,-128000000.0,,-317000000.0,1933000000.0,8802000000.0,1.48,,,,462000000.0,9605000000.0,629000000.0,29093000000.0,8083000000.0
2001-03-30,,,,,,,415798352060.0,,,,,,,
1991-03-29,,,,,,,5902741000.0,,,,,,,
1988-07-29,,,,,,,38639428701.0,,,,,,,
2008-02-29,,,,,,,63320539468.0,15.74,,,,,,
2002-03-31,-116000000.0,,-100000000.0,2232000000.0,4485000000.0,0.485,,,,417000000.0,6374000000.0,467000000.0,27007000000.0,8646000000.0
2010-09-30,-370000000.0,-370000000.0,-494000000.0,4964000000.0,9667000000.0,1.32,65774287305.0,15.552,,1499000000.0,13527000000.0,1198000000.0,60649000000.0,21254000000.0
2012-12-31,-464000000.0,-464000000.0,0.0,6431000000.0,12286000000.0,2.29,75354806490.0,15.329,1.32,1183000000.0,16443000000.0,2057000000.0,89409000000.0,25914000000.0
2010-08-31,,,,,,,25200873751.0,9.123,,,,,,
1996-12-31,-14800000.0,,,214800000.0,590600000.0,0.295,2121763200.0,11.286,,-85100000.0,945900000.0,45500000.0,3512600000.0,1482300000.0
2016-09-30,-231000000.0,-231000000.0,-325000000.0,2276000000.0,6191000000.0,2.25,47367069158.0,16.436,4.125,389000000.0,7731000000.0,683000000.0,32668000000.0,11317000000.0
2020-07-31,,,,,,,53132464230.0,15.974,15.766,,,,,
2006-03-31,-2631000000.0,,,19096000000.0,17661000000.0,0.41,361656282440.0,19.539,,2525000000.0,37821000000.0,4305000000.0,674817000000.0,107488000000.0
1997-01-31,,,,,,,16555424735.0,20.218,,,,,,
2021-04-30,,,,,,,126116080778.0,,0.889,,,,,
2020-06-05,,,,,,,44225356555.0,,,,,,,
2017-09-29,,,,,,,150259307555.0,,,,,,,
2003-03-31,-1895000000.0,,,18859000000.0,11281000000.0,0.3,254856231000.0,17.466,,1714000000.0,30319000000.0,2999000000.0,583634000000.0,66358000000.0
1991-06-30,-10100000.0,,0.0,183400000.0,487100000.0,,,,,75200000.0,805100000.0,30700000.0,2485800000.0,1028400000.0
2002-12-31,-60000000.0,,-19000000.0,1056000000.0,4148000000.0,,17265919388.0,15.322,,415000000.0,3908000000.0,157000000.0,11731000000.0,5199000000.0
2011-12-30,,,,,,,26176852074.0,,,,,,,
2008-04-30,,,,,,,325933980000.0,15.139,,,,,,
2003-06-30,-63000000.0,,-26000000.0,1195000000.0,3557000000.0,0.615,14298431947.0,14.442,,221000000.0,3935000000.0,242000000.0,13993000000.0,5407000000.0
2004-05-31,,,,,,,3074372901.0,32.308,,,,,,
1987-04-30,,,,,,,6030913408.0,,,,,,,
2020-12-11,,,,,,,39748995159.0,,,,,,,
1991-08-30,,,,,,,17107980250.0,,,,,,,
2002-07-31,,,,,,,33297865488.0,15.78,,,,,,
2021-05-31,,,,,,,44698772225.0,33.808,,,,,,
2012-01-31,,,,,,,24677785244.0,9.965,1.229,,,,,
1985-10-31,,,,,,,548885520.0,8.179,,,,,,
2015-10-30,,,,,,,9825465274.0,,,,,,,
1999-09-30,-30000000.0,,-58000000.0,474000000.0,1785000000.0,0.46,7967900494.0,15.155,,-948000000.0,2215000000.0,184000000.0,8031000000.0,3027000000.0
2006-09-30,-249000000.0,,-580000000.0,4245000000.0,8794000000.0,1.02,,,,1177000000.0,12163000000.0,996000000.0,49596000000.0,18934000000.0
2009-05-29,,,,,,,32569976128.0,,,,,,,
2014-12-31,-49200000.0,-49200000.0,-52100000.0,292100000.0,807800000.0,1.34,7511777474.0,14.364,3.672,104000000.0,1206300000.0,139500000.0,4798200000.0,1811600000.0
2008-01-31,,,,,,,71915828695.0,17.159,,,,,,
1995-05-31,,,,,,,20091316659.0,26.884,,,,,,
1986-11-28,,,,,,,5819936875.0,,,,,,,
2015-09-30,-19000000.0,-19000000.0,-102000000.0,296000000.0,1456000000.0,2.31,5057480000.0,13.377,,217000000.0,1800000000.0,111000000.0,6042000000.0,1490000000.0
1995-09-29,,,,,,,3455157588.0,,,,,,,
1994-11-30,,,,,,,7292991632.0,111.436,,,,,,
1997-07-31,,,,,,,2767401630.0,26.43,,,,,,
2001-09-30,-142000000.0,,-877000000.0,5285000000.0,11410000000.0,0.81,,,,1200000000.0,13687000000.0,650000000.0,47905000000.0,11304000000.0
2019-06-30,-622000000.0,-622000000.0,-219000000.0,2611000000.0,12434000000.0,5.03,,,,1419000000.0,14427000000.0,1420000000.0,47840000000.0,2850000000.0
1999-07-30,,,,,,,2023931910.0,,,,,,,
2002-09-30,-1791000000.0,,,20644000000.0,12240000000.0,0.41,245293653650.0,16.433,,7579000000.0,32585000000.0,4087000000.0,555523000000.0,62258000000.0
2011-02-28,,,,,,,53020639243.0,16.146,1.335,,,,,
1992-12-31,-85000000.0,,0.0,5248000000.0,6836000000.0,,13619227500.0,8.761,,225000000.0,7497000000.0,-706000000.0,18147000000.0,8056000000.0
2019-02-28,,,,,,,248349484001.0,24.648,1.626,,,,,
1986-03-31,,,,,,0.05,35830356733.0,14.868,,,5880000000.0,,,
1992-10-30,,,,,,,939381660.0,,,,,,,
2017-02-28,,,,,,,77261065990.0,21.533,3.557,,,,,
2005-10-31,,,,,,,23411505521.0,16.929,,,,,,
2016-12-31,-672000000.0,-672000000.0,-500000000.0,11190000000.0,19464000000.0,2.63,,,,2233000000.0,23286000000.0,1631000000.0,89997000000.0,817000000.0
2002-02-28,,,,,,,382521743103.0,28.102,,,,,,
1991-10-31,,,,,,,5914477604.0,145.151,,,,,,
1986-03-31,,,,,,0.015,6590318112.0,99.307,,,3503300000.0,,,
1989-11-30,,,,,,,6592276454.0,82.801,,,,,,
2021-06-11,,,,,,,134555131354.0,,,,,,,
1986-07-31,,,,,,,2131563887.0,5.866,,,,,,
2020-07-14,,,,,,,41124900454.0,,,,,,,
1996-05-31,,,,,,,13321121792.0,19.088,,,,,,
2015-06-30,-20000000.0,-20000000.0,-61000000.0,269000000.0,1246000000.0,3.22,5415579000.0,16.461,,137000000.0,1745000000.0,156000000.0,6312000000.0,1485000000.0
2013-08-30,,,,,,,39289057347.0,,,,,,,
1987-01-30,,,,,,,6440945464.0,,,,,,,
1997-01-31,,,,,,,38622925762.0,33.582,,,,,,
1989-07-31,,,,,,,12054827599.0,17.635,,,,,,
2008-12-31,-3100000000.0,,429000000.0,20819000000.0,22913000000.0,,161278387200.0,9.419,,15774000000.0,46213000000.0,3722000000.0,797769000000.0,104665000000.0
2019-11-29,,,,,,,206082893699.0,,,,,,,
1996-06-30,-66000000.0,,-120000000.0,1986000000.0,4343000000.0,0.033,,,,553000000.0,6002000000.0,259000000.0,16183000000.0,4560000000.0
2019-05-31,,,,,,,95650688398.0,17.308,,,,,,
2003-08-29,,,,,,,297559726200.0,,,,,,,
2010-05-31,,,,,,,26190976896.0,10.952,1.125,,,,,
1996-07-31,,,,,,,16458653358.0,15.354,,,,,,
2005-03-31,-110000000.0,,-134000000.0,1818000000.0,7946000000.0,0.84,27110034712.0,20.286,,1459000000.0,8488000000.0,369000000.0,26878000000.0,7441000000.0
2003-06-30,-127000000.0,,-50000000.0,2400000000.0,5619000000.0,0.665,33206141942.0,15.601,,694000000.0,7790000000.0,632000000.0,30907000000.0,9526000000.0
1999-12-31,-3800000.0,,-213000000.0,97600000.0,313400000.0,0.095,1845074880.0,43.045,,-67000000.0,441000000.0,14600000.0,2178200000.0,1242800000.0
2013-03-31,-1983000000.0,-1983000000.0,,16130000000.0,17316000000.0,0.34,,,,966000000.0,33395000000.0,3527000000.0,670690000000.0,123714000000.0
2020-03-31,-295000000.0,-295000000.0,-449000000.0,2788000000.0,7261000000.0,2.45,37955047287.0,11.044,1.597,-851000000.0,8749000000.0,706000000.0,53710000000.0,13200000000.0
2010-06-30,-371000000.0,-371000000.0,-650000000.0,5057000000.0,10015000000.0,1.22,60305915265.0,14.686,,1245000000.0,13890000000.0,1110000000.0,58343000000.0,19933000000.0
2006-11-30,,,,,,,5647842974.0,21.595,,,,,,
2017-11-30,,,,,,,17224479475.0,27.06,,,,,,
2001-03-31,-3300000.0,,-100000.0,123600000.0,352600000.0,0.085,,,,-17000000.0,479300000.0,11100000.0,1925100000.0,1050400000.0
1994-06-30,-22000000.0,,,525000000.0,682000000.0,0.28,2578203240.0,9.206,,-123000000.0,820000000.0,71000000.0,2713000000.0,1250000000.0
2008-07-31,,,,,,,61699548447.0,13.819,1.48,,,,,
2004-07-30,,,,,,,19756127504.0,,,,,,,
1993-11-30,,,,,,,1302781590.0,11.266,,,,,,
2021-03-08,,,,,,,7704532836.0,,,,,,,
2000-01-31,,,,,,,9485414250.0,10.808,,,,,,
2020-11-27,,,,,,,40860487835.0,,,,,,,
1989-10-31,,,,,,,6799253227.0,85.4,,,,,,
2009-10-30,,,,,,,34731435259.0,,,,,,,
2004-11-30,,,,,,,44977190022.0,15.528,,,,,,
2011-01-31,,,,,,,51085802268.0,15.578,1.283,,,,,
2008-11-28,,,,,,,31240717256.0,,,,,,,
2011-04-29,,,,,,,6758092167.0,,,,,,,
2008-10-31,,,,,,,4838571830.0,10.543,1.013,,,,,
1992-06-30,-17000000.0,,,2329000000.0,1513000000.0,0.22,2493462921.0,10.248,,112000000.0,1609000000.0,86000000.0,5673000000.0,2492000000.0
2012-04-30,,,,,,,74403279529.0,14.223,0.985,,,,,
1998-05-29,,,,,,,5611452888.0,,,,,,,
1996-03-29,,,,,,,3696439500.0,,,,,,,
2004-07-30,,,,,,,47837456051.0,,,,,,,
2007-08-31,,,,,,,74016819993.0,19.435,,,,,,
1995-03-31,-70000000.0,-55000000.0,,1001000000.0,5189000000.0,0.325,10556587648.0,12.59,,59000000.0,5644000000.0,137000000.0,17958000000.0,6178000000.0
1990-06-30,-9600000.0,,,197000000.0,451900000.0,,,,,28500000.0,790200000.0,39500000.0,2625100000.0,1083400000.0
2018-10-31,,,,,,,83578488418.0,27.827,1.177,,,,,
1987-03-31,,,,,,0.012,6633973454.0,,,,3937300000.0,,,
2003-07-31,,,,,,,23598626923.0,52.869,,,,,,
2011-12-31,-1662000000.0,,,16400000000.0,17463000000.0,0.35,,,,5537000000.0,32910000000.0,3730000000.0,717242000000.0,116438000000.0
2007-05-31,,,,,,,32483492681.0,18.574,,,,,,
2015-06-30,-226000000.0,-226000000.0,-945000000.0,2275000000.0,6334000000.0,2.31,46578147173.0,17.154,3.632,511000000.0,7882000000.0,752000000.0,33654000000.0,11276000000.0
2007-06-30,-117000000.0,,0.0,1819000000.0,5831000000.0,1.27,,,,293000000.0,6591000000.0,513000000.0,23407000000.0,10622000000.0
2004-04-30,,,,,,,2997846303.0,31.503,,,,,,
2001-05-31,,,,,,,54863916442.0,18.443,,,,,,
2007-03-30,,,,,,,40711961228.0,,,,,,,
2020-08-13,,,,,,,108808947542.0,,,,,,,
2009-12-31,-1141000000.0,,,19703000000.0,20503000000.0,,161332324750.0,14.98,1.7,7816000000.0,41438000000.0,3013000000.0,781818000000.0,117291000000.0
2018-04-30,,,,,,,122202705660.0,,5.722,,,,,
2016-04-29,,,,,,,70748792555.0,,,,,,,
2019-06-30,-1156000000.0,-1156000000.0,-310000000.0,15267000000.0,17810000000.0,-5.21,,,,-1031000000.0,15751000000.0,-2942000000.0,126261000000.0,-5322000000.0
2000-05-31,,,,,,,28437309940.0,26.891,,,,,,
1990-12-31,-9900000.0,,,2517000000.0,3800900000.0,,749396684.0,,,82100000.0,2598100000.0,-530200000.0,6573000000.0,1510000000.0
2021-02-26,,,,,,,109387230866.0,,,,,,,
1996-09-30,-98000000.0,,-86000000.0,3069000000.0,5307000000.0,0.37,32976986773.0,30.782,,282000000.0,5601000000.0,254000000.0,22002000000.0,9873000000.0
2003-01-31,,,,,,,2070169327.0,24.186,,,,,,
2010-09-30,0.0,,,,1430000000.0,0.86,,,,137000000.0,1665000000.0,42000000.0,,
2018-12-31,-274000000.0,-274000000.0,-1236000000.0,3179000000.0,8595000000.0,3.1,45386236004.0,15.308,,1824000000.0,10378000000.0,909000000.0,45408000000.0,11732000000.0
2000-05-31,,,,,,,520641552354.0,47.268,,,,,,
2004-08-31,,,,,,,19520221509.0,17.753,,,,,,
2014-09-30,-10000000.0,-10000000.0,-8000000.0,268000000.0,1364000000.0,1.97,5054185000.0,14.845,0.878,216000000.0,1717000000.0,96000000.0,6125000000.0,1662000000.0
1992-03-31,-85000000.0,,,5723000000.0,7168000000.0,0.65,14985945000.0,8.846,,621000000.0,7967000000.0,441000000.0,16711000000.0,8544000000.0
2018-09-30,-536000000.0,-536000000.0,-20000000.0,10509000000.0,12536000000.0,1.56,,,,1228000000.0,16510000000.0,1238000000.0,114939000000.0,32106000000.0
1992-04-30,,,,,,,65816696332.0,14.85,,,,,,
2009-12-31,-28800000.0,,-50200000.0,284400000.0,778600000.0,1.07,6263148628.0,21.04,1.157,165100000.0,1217700000.0,139500000.0,4529700000.0,2013500000.0
2019-10-31,,,,,,,106250661732.0,17.903,1.444,,,,,
2009-06-30,-340000000.0,-340000000.0,-150000000.0,4599000000.0,9601000000.0,1.06,48908565915.0,11.836,,1367000000.0,13196000000.0,976000000.0,56545000000.0,17379000000.0
2016-08-31,,,,,,,46469549286.0,16.125,4.663,,,,,
1985-10-31,,,,,,,26281330182.0,11.434,,,,,,
1990-02-28,,,,,,,55926334039.0,14.294,,,,,,
1997-03-31,-74000000.0,,-145000000.0,2022000000.0,4325000000.0,0.058,17944815528.0,21.101,,302000000.0,5886000000.0,224000000.0,16689000000.0,4678000000.0
2016-03-31,-215000000.0,-215000000.0,-1026000000.0,2150000000.0,6211000000.0,2.33,40285940358.0,14.468,4.188,374000000.0,7724000000.0,717000000.0,31702000000.0,10582000000.0
2006-06-30,-241000000.0,,-525000000.0,28115000000.0,12512000000.0,-0.21,65430208060.0,32.122,,2110000000.0,14986000000.0,-160000000.0,61269000000.0,10369000000.0
2009-12-31,-305000000.0,,0.0,7096000000.0,14508000000.0,,39330807334.0,28.947,,2991000000.0,17937000000.0,1268000000.0,62053000000.0,2128000000.0
1987-11-30,,,,,,,4148108572.0,243.274,,,,,,
2004-08-31,,,,,,,346204919130.0,21.86,,,,,,
2013-09-30,-465000000.0,-465000000.0,-330000000.0,6628000000.0,11020000000.0,1.59,98933687466.0,19.604,1.477,1004000000.0,15462000000.0,1432000000.0,90326000000.0,28577000000.0
1987-10-30,,,,,,,43348396154.0,,,,,,,
2012-09-30,-326000000.0,-326000000.0,-285000000.0,2184000000.0,10888000000.0,2.25,,,,1365000000.0,11869000000.0,727000000.0,39321000000.0,2442000000.0
2021-01-29,,,,,,,6371865000.0,,,,,,,
2019-10-31,,,,,,,45607847735.0,26.148,,,,,,
1995-09-30,-85000000.0,,,3221000000.0,4158000000.0,0.33,,,,193000000.0,4381000000.0,225000000.0,21725000000.0,9802000000.0
2014-10-31,,,,,,,259188975803.0,17.439,1.512,,,,,
2000-10-31,,,,,,,32698042313.0,19.474,,,,,,
2017-11-30,,,,,,,96986316905.0,18.771,1.915,,,,,
2001-08-31,,,,,,,17378377167.0,,,,,,,
2020-03-31,-89000000.0,-89000000.0,,15212000000.0,15696000000.0,0.7,69451910480.0,,1.973,-1301000000.0,20523000000.0,6199000000.0,262021000000.0,35284000000.0
1990-10-31,,,,,,,45674166165.0,11.111,,,,,,
1998-11-30,,,,,,,2508313500.0,21.327,,,,,,
2000-05-31,,,,,,,9681336896.0,18.015,,,,,,
2012-02-29,,,,,,,26130049356.0,10.552,1.164,,,,,
2017-09-29,,,,,,,209349134280.0,,,,,,,
2002-03-29,,,,,,,35086146555.0,,,,,,,
1998-05-29,,,,,,,3156078900.0,,,,,,,
1993-03-31,-66000000.0,,,1740000000.0,3549000000.0,0.007,5859096850.0,,,-555000000.0,4864000000.0,64000000.0,16152000000.0,3489000000.0
2004-02-27,,,,,,,47470700487.0,,,,,,,
1999-02-26,,,,,,,2053561960.0,,,,,,,
2008-07-31,,,,,,,35411823968.0,15.449,1.637,,,,,
2014-10-31,,,,,,,60205858503.0,19.269,2.145,,,,,
2002-01-31,,,,,,,32482967303.0,17.945,,,,,,
1994-11-30,,,,,,,78726505824.0,14.466,,,,,,
2015-08-31,,,,,,,5383500171.0,14.055,,,,,,
1985-11-29,,,,,,,7286542819.0,,,,,,,
1994-11-30,,,,,,,15292769369.0,17.53,,,,,,
2014-10-31,,,,,,,5109902932.0,15.074,0.928,,,,,
2020-10-15,,,,,,,60135095430.0,,,,,,,
1992-05-29,,,,,,,6399645000.0,,,,,,,
1997-05-30,,,,,,,18081819636.0,,,,,,,
2018-05-31,,,,,,,89810443582.0,39.465,1.696,,,,,
2006-07-31,,,,,,,27036344445.0,17.075,,,,,,
2015-08-31,,,,,,,81587659419.0,13.143,2.784,,,,,
2003-11-28,,,,,,,287871456200.0,,,,,,,
2013-07-31,,,,,,,248178742970.0,17.407,1.581,,,,,
2018-04-30,,,,,,,59795799189.0,20.69,1.939,,,,,
2011-07-29,,,,,,,4908746715.0,,,,,,,
2021-03-31,-148000000.0,-148000000.0,,16090000000.0,12538000000.0,-0.33,115263556330.0,22.254,10.504,-2315000000.0,17119000000.0,-2802000000.0,245164000000.0,33585000000.0
1997-09-30,-17600000.0,,,167400000.0,608500000.0,0.275,2936283480.0,26.756,,-52000000.0,979600000.0,43600000.0,3653400000.0,1617700000.0
2011-08-31,,,,,,,23181890306.0,9.102,0.767,,,,,
2018-03-31,-586000000.0,-586000000.0,-300000000.0,2715000000.0,9977000000.0,4.05,,,,416000000.0,11635000000.0,1157000000.0,46634000000.0,-182000000.0
2013-05-31,,,,,,,75124614899.0,18.578,1.93,,,,,
2001-06-30,-1589000000.0,,,15514000000.0,12709000000.0,0.39,,,,6587000000.0,31977000000.0,3897000000.0,445347000000.0,52249000000.0
1987-07-31,,,,,,,7574715715.0,721.88,,,,,,
2015-03-31,-498000000.0,-498000000.0,-604000000.0,1945000000.0,8848000000.0,2.78,63883799604.0,18.105,3.393,839000000.0,10111000000.0,878000000.0,39752000000.0,3520000000.0
1991-10-31,,,,,,,59855223181.0,13.372,,,,,,
1996-03-31,-23000000.0,,,89000000.0,797000000.0,0.255,,,,67000000.0,893000000.0,65000000.0,3222000000.0,1601000000.0
2001-06-30,-3300000.0,,0.0,125500000.0,380400000.0,,,,,13000000.0,528500000.0,29100000.0,1959900000.0,1115200000.0
2013-04-30,,,,,,,26121689515.0,,2.508,,,,,
2007-11-30,,,,,,,386966742610.0,17.17,,,,,,
2010-02-26,,,,,,,27984363912.0,,,,,,,
1994-07-29,,,,,,,86346491639.0,,,,,,,
2008-12-31,-227000000.0,-227000000.0,-593000000.0,2030000000.0,9865000000.0,,33325245386.0,10.697,,592000000.0,11132000000.0,823000000.0,33439000000.0,2865000000.0
1999-04-30,,,,,,,32706279422.0,28.379,,,,,,
2021-06-10,,,,,,,119652876830.0,,,,,,,
2014-07-31,,,,,,,4418712000.0,14.856,0.744,,,,,
2006-01-31,,,,,,,29557065816.0,16.5,,,,,,
1998-02-27,,,,,,,5487414250.0,,,,,,,
2021-03-31,,,,12410000000.0,13808000000.0,-0.92,148872397468.0,,,-3678000000.0,15217000000.0,-561000000.0,150035000000.0,-18058000000.0
1998-09-30,-28000000.0,,,242000000.0,1006000000.0,0.37,6347278500.0,18.207,,64000000.0,1172000000.0,94000000.0,4153000000.0,2120000000.0
1989-11-30,,,,,,,13819840000.0,17.699,,,,,,
2021-02-05,,,,,,,38414783724.0,,,,,,,
2020-07-17,,,,,,,61841940440.0,,,,,,,
2000-09-29,,,,,,,56446031852.0,,,,,,,
1991-07-31,,,,,,,1342042576.0,,,,,,,
2020-07-16,,,,,,,102605672686.0,,,,,,,
1988-07-29,,,,,,,1578760787.0,,,,,,,
2012-11-30,,,,,,,23479142099.0,9.896,3.074,,,,,
1993-03-31,-10200000.0,,,125200000.0,461200000.0,0.175,1070337000.0,9.883,,23700000.0,744200000.0,27500000.0,2461900000.0,1109300000.0
1990-09-30,-10300000.0,,,1169200000.0,2045900000.0,0.205,,,,-66900000.0,2459500000.0,68500000.0,6723800000.0,2050600000.0
2018-09-28,,,,,,,98122304490.0,,,,,,,
1995-10-31,,,,,,,3486639088.0,14.534,,,,,,
2008-01-31,,,,,,,34000109342.0,16.575,,,,,,
1986-11-28,,,,,,,7907705886.0,,,,,,,
1996-11-29,,,,,,,34678529498.0,,,,,,,
2006-01-31,,,,,,,23288785046.0,16.05,,,,,,
2007-02-28,,,,,,,65363410040.0,17.693,,,,,,
2004-08-31,,,,,,,3194024127.0,25.617,,,,,,
2011-02-28,,,,,,,5969396053.0,9.561,1.545,,,,,
2012-06-30,-37400000.0,,-25100000.0,381000000.0,746000000.0,1.14,,,,311200000.0,1079000000.0,129100000.0,5592800000.0,1938900000.0
2019-02-28,,,,,,,87503526744.0,17.59,3.118,,,,,
1993-09-30,-66000000.0,,,1152000000.0,3714000000.0,0.018,6936889500.0,,,436000000.0,5128000000.0,157000000.0,15457000000.0,3634000000.0
2012-11-30,,,,,,,30190707872.0,10.663,2.09,,,,,
2017-09-30,-522000000.0,-522000000.0,-500000000.0,2848000000.0,10818000000.0,3.27,,,,1532000000.0,12169000000.0,939000000.0,48946000000.0,2098000000.0
2006-10-31,,,,,,,28770210441.0,17.363,,,,,,
1998-06-30,-75000000.0,-75000000.0,,918000000.0,5882000000.0,0.77,20702971017.0,,,-36000000.0,6520000000.0,289000000.0,29557000000.0,5736000000.0
2020-05-28,,,,,,,42468171988.0,,,,,,,
2020-08-19,,,,,,,95544237881.0,,,,,,,
2000-07-31,,,,,,,511647745071.0,44.431,,,,,,
1990-08-31,,,,,,,5891807609.0,74.053,,,,,,
1991-03-31,-64100000.0,,,1617400000.0,3422300000.0,0.004,,,,-319200000.0,4803500000.0,40200000.0,16070200000.0,5391000000.0
1997-12-31,-17400000.0,,,170300000.0,591000000.0,0.335,2959446380.0,25.478,,31600000.0,970000000.0,52700000.0,3615900000.0,1622900000.0
2001-03-30,,,,,,,1629410829.0,,,,,,,
2016-12-31,-66000000.0,-66000000.0,0.0,540000000.0,1138000000.0,1.42,,,,224000000.0,1700000000.0,177000000.0,11618000000.0,3157000000.0
2001-04-30,,,,,,,13893706337.0,,,,,,,
2013-09-30,-1940000000.0,-1940000000.0,,16449000000.0,19457000000.0,0.31,241703945410.0,17.064,1.578,2319000000.0,35362000000.0,3191000000.0,661438000000.0,122692000000.0
2021-02-26,,,,,,,7092121251.0,,,,,,,
2007-10-31,,,,,,,36599352529.0,18.95,,,,,,
1989-12-31,-69000000.0,,-1000000.0,4932000000.0,4636000000.0,,,,,-1201000000.0,4847000000.0,77000000.0,13278000000.0,6131000000.0
1996-03-29,,,,,,,29968162914.0,,,,,,,
2013-08-30,,,,,,,78401854669.0,,,,,,,
1990-03-31,-66500000.0,,-75200000.0,1456700000.0,3308500000.0,0.017,,,,-485200000.0,4730700000.0,134500000.0,14914800000.0,4798500000.0
2014-06-30,-512000000.0,-512000000.0,-335000000.0,7297000000.0,12931000000.0,1.87,105614816347.0,18.803,1.652,1170000000.0,17191000000.0,1680000000.0,92142000000.0,33785000000.0
2000-07-31,,,,,,,2361803314.0,100.735,,,,,,
2021-04-30,,,,,,,137026847033.0,,,,,,,
2020-02-28,,,,,,,95093724160.0,,,,,,,
1994-03-31,-66000000.0,-51000000.0,,,,0.63,,,,189000000.0,5036000000.0,272000000.0,,
2020-10-30,,,,,,,37688052459.0,,,,,,,
2007-06-29,,,,,,,392223655560.0,,,,,,,
2013-07-31,,,,,,,79292098977.0,19.214,2.207,,,,,
1999-03-31,-19100000.0,,-3400000.0,197800000.0,592600000.0,0.26,1902609900.0,19.234,,8300000.0,949600000.0,41400000.0,3860300000.0,1639700000.0
2012-09-28,,,,,,,30293991292.0,,,,,,,
2020-01-31,,,,,,,108815888400.0,,1.769,,,,,
2014-03-31,-444000000.0,-444000000.0,-1106000000.0,1942000000.0,9279000000.0,2.92,51808630947.0,18.058,2.212,1997000000.0,10650000000.0,933000000.0,36919000000.0,4800000000.0
2008-01-31,,,,,,,353161500640.0,16.073,,,,,,
2016-07-29,,,,,,,279052795620.0,,,,,,,
1993-02-26,,,,,,,1025726000.0,,,,,,,
2009-06-30,-222000000.0,-222000000.0,-470000000.0,2162000000.0,10224000000.0,1.9,30998240347.0,10.739,0.844,969000000.0,11236000000.0,734000000.0,34788000000.0,2820000000.0
2008-02-29,,,,,,,42118268419.0,14.535,,,,,,
2017-03-31,-28000000.0,-28000000.0,-68000000.0,333000000.0,1433000000.0,2.57,9251088000.0,16.494,,40000000.0,1724000000.0,119000000.0,6234000000.0,1638000000.0
1993-05-31,,,,,,,2413075751.0,14.714,,,,,,
2013-05-31,,,,,,,5493419200.0,10.743,4.575,,,,,
2010-02-26,,,,,,,29184007933.0,,,,,,,
1990-12-31,-86000000.0,,-6000000.0,5566000000.0,6443000000.0,,15589624875.0,11.287,,-443000000.0,7015000000.0,318000000.0,14591000000.0,6973000000.0
2020-10-08,,,,,,,108627245209.0,,,,,,,
2017-08-31,,,,,,,14718857829.0,24.004,,,,,,
2018-06-29,,,,,,,9647262961.0,,,,,,,
2005-08-31,,,,,,,23034848568.0,17.362,,,,,,
2003-05-30,,,,,,,24540274600.0,,,,,,,
2000-12-29,,,,,,,57782005842.0,,,,,,,
2017-05-31,,,,,,,9011086910.0,16.552,,,,,,
2012-03-31,-37700000.0,,-25200000.0,346900000.0,937900000.0,-3.15,,,,152400000.0,1476000000.0,-353200000.0,5648900000.0,1893400000.0
2015-07-31,,,,,,,64311701163.0,18.393,3.115,,,,,
2013-02-28,,,,,,,83001744574.0,16.925,1.175,,,,,
2016-03-31,-509000000.0,-509000000.0,0.0,6579000000.0,9654000000.0,1.44,83770254968.0,22.097,2.3,-1816000000.0,13357000000.0,1191000000.0,88571000000.0,28353000000.0
2014-07-31,,,,,,,7203104413.0,13.654,3.49,,,,,
2020-09-24,,,,,,,39281050488.0,,,,,,,
2010-12-31,-31800000.0,,-50200000.0,362700000.0,940500000.0,1.19,5697382494.0,9.283,1.508,27600000.0,1438500000.0,151100000.0,5667400000.0,2387900000.0
2013-04-30,,,,,,,2655580000.0,18.179,0.761,,,,,
2013-10-31,,,,,,,98064674833.0,23.179,2.242,,,,,
2020-11-25,,,,,,,112096459403.0,,,,,,,
2000-11-30,,,,,,,15192342800.0,17.449,,,,,,
2001-10-31,,,,,,,21484083245.0,29.738,,,,,,
2012-06-29,,,,,,,55654374432.0,,,,,,,
2021-02-26,,,,,,,46795687076.0,,,,,,,
2018-10-31,,,,,,,99490247606.0,19.969,1.342,,,,,
2005-02-28,,,,,,,51116443671.0,9.047,,,,,,
2005-02-28,,,,,,,4439846747.0,29.383,,,,,,
1997-08-29,,,,,,,20117010937.0,,,,,,,
1988-03-31,,,,,,0.015,5086107000.0,66.102,,,4109300000.0,,,
2006-09-29,,,,,,,36480474871.0,,,,,,,
2006-07-31,,,,,,,337470605710.0,17.962,,,,,,
2008-07-31,,,,,,,281429712120.0,13.097,,,,,,
1999-10-29,,,,,,,446527972695.0,,,,,,,
2016-11-30,,,,,,,12870099919.0,36.465,,,,,,
2010-08-31,,,,,,,21251515604.0,8.911,0.888,,,,,
2011-11-30,,,,,,,167967454410.0,12.935,0.779,,,,,
2012-08-31,,,,,,,53678348925.0,12.353,1.242,,,,,
2006-09-30,-93000000.0,,0.0,1625000000.0,5021000000.0,1.09,,,,454000000.0,6069000000.0,438000000.0,21577000000.0,9472000000.0
2013-03-29,,,,,,,31066578613.0,,,,,,,
2002-04-30,,,,,,,2396515651.0,28.07,,,,,,
2021-05-31,,,,,,,123427692460.0,,11.248,,,,,
1993-08-31,,,,,,,7071805492.0,,,,,,,
2017-07-31,,,,,,,9358943741.0,17.423,,,,,,
2000-11-30,,,,,,,33166401701.0,19.753,,,,,,
2004-01-30,,,,,,,33451966099.0,,,,,,,
2018-09-30,-569000000.0,-569000000.0,-216000000.0,2691000000.0,12397000000.0,5.18,,,,22000000.0,14318000000.0,1473000000.0,45495000000.0,943000000.0
2004-06-30,-165000000.0,,-264000000.0,3269000000.0,6971000000.0,0.845,46803962348.0,17.559,,953000000.0,9622000000.0,837000000.0,36692000000.0,12480000000.0
1998-03-31,-78000000.0,-78000000.0,,1082000000.0,5599000000.0,0.72,21867668437.0,,,-351000000.0,6217000000.0,269000000.0,29376000000.0,5436000000.0
1993-09-30,-11100000.0,,,129400000.0,483900000.0,0.09,1236984540.0,10.697,,-133400000.0,769100000.0,14600000.0,2524500000.0,1145400000.0
1997-08-29,,,,,,,5017171312.0,,,,,,,
1996-03-29,,,,,,,1872428190.0,,,,,,,
2020-05-12,,,,,,,70664819575.0,,,,,,,
2002-08-30,,,,,,,299976550650.0,,,,,,,
1988-11-30,,,,,,,5241647253.0,61.26,,,,,,
2009-11-30,,,,,,,38081056944.0,,,,,,,
1997-01-31,,,,,,,2353441020.0,12.519,,,,,,
2010-03-31,-373000000.0,-373000000.0,-500000000.0,4801000000.0,8732000000.0,0.95,68684022333.0,17.239,,1007000000.0,12091000000.0,866000000.0,58388000000.0,19964000000.0
2000-02-29,,,,,,,436216941090.0,41.11,,,,,,
1994-01-31,,,,,,,1410176460.0,11.728,,,,,,
1999-06-30,-1146000000.0,,,11557000000.0,9488000000.0,0.86,372403222003.0,18.898,,156000000.0,27205000000.0,2820000000.0,368383000000.0,39611000000.0
2001-03-30,,,,,,,14087333075.0,,,,,,,
1995-01-31,,,,,,,8859579648.0,9.523,,,,,,
2020-02-28,,,,,,,155224174418.0,,,,,,,
2004-09-30,-8000000.0,,,114200000.0,504100000.0,0.3,3665816560.0,26.413,,-13200000.0,669400000.0,40100000.0,2224500000.0,1326600000.0
2003-07-31,,,,,,,15647415044.0,15.805,,,,,,
2019-07-31,,,,,,,91197902400.0,,3.667,,,,,
2000-11-30,,,,,,,13474840332.0,,,,,,,
2011-01-31,,,,,,,5954043985.0,9.537,1.545,,,,,
2001-08-31,,,,,,,15900652039.0,16.214,,,,,,
1994-09-30,-616000000.0,,-270000000.0,13732000000.0,6122000000.0,0.13,82359576108.0,15.134,,901000000.0,15963000000.0,1368000000.0,254873000000.0,26876000000.0
1990-11-30,,,,,,,504549240.0,4.175,,,,,,
1992-10-30,,,,,,,5627665203.0,,,,,,,
2008-02-29,,,,,,,6665283915.0,13.126,,,,,,
2008-04-30,,,,,,,70528068080.0,16.176,,,,,,
2017-04-28,,,,,,,251748087370.0,,,,,,,
2009-10-30,,,,,,,57611797174.0,,,,,,,
2019-06-28,,,,,,,22421853048.0,,,,,,,
2014-03-31,-198000000.0,-198000000.0,-1430000000.0,2215000000.0,5954000000.0,1.74,37344390167.0,15.494,3.099,341000000.0,7324000000.0,595000000.0,34382000000.0,13690000000.0
2003-03-31,-115000000.0,,-201000000.0,2291000000.0,4866000000.0,0.525,27034892612.0,12.84,,165000000.0,6702000000.0,502000000.0,29719000000.0,8680000000.0
1988-10-31,,,,,,,9914898441.0,17.167,,,,,,
2013-04-30,,,,,,,69351050777.0,17.15,1.829,,,,,
2007-03-31,-245000000.0,,-500000000.0,4786000000.0,8996000000.0,0.85,,,,245000000.0,12278000000.0,819000000.0,48583000000.0,18106000000.0
1989-02-28,,,,,,,5720977305.0,68.898,,,,,,
1991-03-29,,,,,,,16157378000.0,,,,,,,
1992-10-30,,,,,,,2480229113.0,,,,,,,
1993-08-31,,,,,,,13459938875.0,9.48,,,,,,
1995-06-30,-696000000.0,,-1048000000.0,6956000000.0,7090000000.0,0.17,94943447993.0,14.758,,1352000000.0,17630000000.0,1726000000.0,205002000000.0,28242000000.0
2020-02-27,,,,,,,162052679374.0,,,,,,,
1990-09-30,-64100000.0,,0.0,1589200000.0,3634400000.0,0.03,,,,631500000.0,5346300000.0,239800000.0,15441000000.0,5210700000.0
2018-04-30,,,,,,,18571576727.0,30.139,,,,,,
2008-08-29,,,,,,,48530472230.0,,,,,,,
2019-03-29,,,,,,,84887555630.0,,,,,,,
2001-11-30,,,,,,,16778453432.0,18.355,,,,,,
2014-09-30,-525000000.0,-525000000.0,-1002000000.0,11136000000.0,20075000000.0,1.88,90929116895.0,19.271,2.233,317000000.0,23784000000.0,1362000000.0,92653000000.0,14511000000.0
2018-03-30,,,,,,,100666844803.0,,,,,,,
1985-11-29,,,,,,,590031960.0,,,,,,,
2017-04-28,,,,,,,9244866194.0,,,,,,,
2020-07-27,,,,,,,96053816802.0,,,,,,,
1995-07-31,,,,,,,1704756450.0,11.101,,,,,,
2019-12-31,-238000000.0,-238000000.0,,15926000000.0,19080000000.0,0.06,97520923440.0,558.0,1.514,5027000000.0,26238000000.0,728000000.0,266048000000.0,28316000000.0
1988-05-31,,,,,,,697907650.0,7.286,,,,,,
2019-08-30,,,,,,,71998344000.0,,,,,,,
2000-03-31,-44000000.0,-44000000.0,,930000000.0,5249000000.0,0.14,8076210754.0,15.028,,398000000.0,5562000000.0,54000000.0,29603000000.0,6475000000.0
2017-12-29,,,,,,,10668077803.0,,,,,,,
2008-12-31,-136000000.0,,-475000000.0,2443000000.0,6914000000.0,,22451357434.0,9.259,1.058,620000000.0,7852000000.0,612000000.0,28373000000.0,10053000000.0
1990-06-29,,,,,,,6901421219.0,,,,,,,
1999-10-29,,,,,,,1500501860.0,,,,,,,
2005-01-31,,,,,,,42120713905.0,22.589,,,,,,
1999-04-30,,,,,,,347243514012.0,36.462,,,,,,
1992-06-30,-10100000.0,,,166900000.0,487100000.0,,753855660.0,8.598,,124600000.0,827800000.0,24800000.0,2483800000.0,1068500000.0
2005-12-30,,,,,,,27800681417.0,,,,,,,
2019-02-28,,,,,,,108369299763.0,19.334,1.283,,,,,
1987-12-31,,,,,,,39882593422.0,18.385,,,12036000000.0,,38920000000.0,16480000000.0
2018-03-31,-250000000.0,-250000000.0,-267000000.0,2851000000.0,5990000000.0,2.7,,,,-600000000.0,7535000000.0,799000000.0,37219000000.0,11774000000.0
2013-09-30,-45300000.0,-45300000.0,-106700000.0,315100000.0,774500000.0,1.17,6331023662.0,14.255,3.5,139200000.0,1191900000.0,125800000.0,4780700000.0,1630300000.0
1996-07-31,,,,,,,1750406160.0,9.832,,,,,,
2007-11-30,,,,,,,71724319285.0,17.865,,,,,,
2000-01-31,,,,,,,25097684148.0,32.084,,,,,,
1989-12-31,-61400000.0,,-344100000.0,1869000000.0,3691600000.0,,,,,-16400000.0,5169300000.0,184400000.0,14598200000.0,4740300000.0
2020-06-30,-235000000.0,-235000000.0,,13469000000.0,15083000000.0,-0.26,59784963870.0,11.197,8.035,-1783000000.0,17750000000.0,-1987000000.0,256487000000.0,33674000000.0
2003-09-30,-54000000.0,,0.0,1298000000.0,7540000000.0,0.49,20807881942.0,56.975,,120000000.0,8078000000.0,217000000.0,24880000000.0,6298000000.0
1998-01-30,,,,,,,46361390735.0,,,,,,,
2008-12-31,-291000000.0,,-354000000.0,17587000000.0,11437000000.0,,31003988504.0,11.69,,-2113000000.0,12664000000.0,-86000000.0,53779000000.0,-1294000000.0
2006-12-31,-237000000.0,,-444000000.0,16201000000.0,14718000000.0,,,,,1853000000.0,17541000000.0,989000000.0,51794000000.0,4739000000.0
1997-07-31,,,,,,,5558862000.0,19.337,,,,,,
1992-05-29,,,,,,,14985945000.0,,,,,,,
2009-08-31,,,,,,,55873989083.0,13.522,,,,,,
1998-01-30,,,,,,,5448169018.0,,,,,,,
2019-03-29,,,,,,,87009282800.0,,,,,,,
1992-06-30,-473000000.0,,-334000000.0,7564000000.0,7378000000.0,0.12,66489184796.0,14.398,,654000000.0,15188000000.0,1216000000.0,189525000000.0,22186000000.0
2015-09-30,-462000000.0,-462000000.0,-823000000.0,2215000000.0,10170000000.0,2.8,63705428861.0,18.411,3.115,1326000000.0,11461000000.0,865000000.0,39617000000.0,2813000000.0
1990-08-31,,,,,,,738350940.0,,,,,,,
2007-09-28,,,,,,,81373852191.0,,,,,,,
1990-09-28,,,,,,,47869776033.0,,,,,,,
2009-09-30,-1140000000.0,,,18931000000.0,18548000000.0,0.23,174831867900.0,14.155,,7049000000.0,37799000000.0,2494000000.0,787846000000.0,117529000000.0
2019-05-31,,,,,,,46456393431.0,14.449,,,,,,
2020-02-28,,,,,,,113000699828.0,,,,,,,
2019-02-28,,,,,,,8694684562.0,10.97,,,,,,
2002-02-28,,,,,,,25011399690.0,313.389,,,,,,
1987-07-31,,,,,,,2075055675.0,,,,,,,
2021-02-26,,,,,,,92044703719.0,,,,,,,
2006-02-28,,,,,,,31837744065.0,17.773,,,,,,
2010-04-30,,,,,,,31494013428.0,11.244,,,,,,
2005-09-30,-205000000.0,,-905000000.0,16912000000.0,10693000000.0,1.28,55042688689.0,24.011,,215000000.0,12629000000.0,1011000000.0,58318000000.0,9423000000.0
2014-02-28,,,,,,,95024012219.0,21.631,2.173,,,,,
2012-08-31,,,,,,,23110503354.0,9.564,,,,,,
1987-04-30,,,,,,,946562500.0,12.663,,,,,,
2009-11-30,,,,,,,29407846221.0,10.095,,,,,,
2018-10-31,,,,,,,51109524717.0,16.804,1.751,,,,,
2018-07-31,,,,,,,204697312278.0,22.409,1.644,,,,,
2012-05-31,,,,,,,26879924804.0,9.976,1.641,,,,,
1988-05-31,,,,,,,8370869422.0,16.976,,,,,,
1987-05-29,,,,,,,7012413965.0,,,,,,,
2019-09-30,-87000000.0,-87000000.0,,14493000000.0,17328000000.0,-1.08,78077928060.0,,2.444,1311000000.0,23360000000.0,-9423000000.0,263009000000.0,27935000000.0
1995-03-31,-699000000.0,,-938000000.0,6707000000.0,5827000000.0,0.14,92214432450.0,14.595,,1037000000.0,14948000000.0,1372000000.0,198020000000.0,27279000000.0
2014-01-31,,,,,,,34673387821.0,14.411,3.039,,,,,
2018-10-31,,,,,,,201519802043.0,20.886,1.309,,,,,
1991-06-28,,,,,,,1248844057.0,,,,,,,
2008-06-30,-140000000.0,,-141000000.0,2115000000.0,6382000000.0,1.61,33449355823.0,14.593,,906000000.0,7303000000.0,641000000.0,26089000000.0,12184000000.0
1985-12-31,,,,,,0.09,620067580.0,10.273,,,562200000.0,,,
1991-12-31,-85000000.0,,-87000000.0,5466000000.0,7023000000.0,,16296502000.0,10.471,,-203000000.0,7753000000.0,403000000.0,15784000000.0,8093000000.0
2019-03-31,-638000000.0,-638000000.0,-281000000.0,3097000000.0,12148000000.0,6.03,,,,1379000000.0,14336000000.0,1704000000.0,47684000000.0,2465000000.0
1994-02-28,,,,,,,2918737520.0,10.945,,,,,,
2012-07-31,,,,,,,4670939418.0,8.677,2.644,,,,,
2017-08-31,,,,,,,141659044288.0,21.171,1.674,,,,,
2010-05-31,,,,,,,48714963596.0,37.753,,,,,,
2020-03-31,-614000000.0,-614000000.0,-47000000.0,10976000000.0,13408000000.0,-0.1,81704931378.0,14.716,1.479,171000000.0,18210000000.0,-83000000.0,139572000000.0,39411000000.0
2016-08-31,,,,,,,11549997543.0,33.811,,,,,,
2001-05-31,,,,,,,1871153787.0,258.364,,,,,,
1988-06-30,,,,,,0.024,5020900500.0,61.6,,,4360100000.0,,,
2014-10-31,,,,,,,89052143633.0,17.947,2.016,,,,,
1987-12-31,,,,,,,1455602313.0,3.377,,,2402700000.0,,5031800000.0,1601000000.0
1988-12-30,,,,,,,5377747958.0,,,,,,,
1994-12-30,,,,,,,1256764950.0,,,,,,,
1999-07-30,,,,,,,32100525081.0,,,,,,,
1987-01-30,,,,,,,879125000.0,,,,,,,
2016-05-31,,,,,,,80358955689.0,17.047,2.33,,,,,
2020-01-31,,,,,,,120703025131.0,19.504,1.664,,,,,
2016-11-30,,,,,,,8288400639.0,19.84,,,,,,
1985-08-30,,,,,,,2392404044.0,,,,,,,
1995-10-31,,,,,,,10828454016.0,19.679,,,,,,
1998-01-30,,,,,,,20227884873.0,,,,,,,
2020-09-10,,,,,,,40910826724.0,,,,,,,
2009-07-31,,,,,,,142399682800.0,9.853,,,,,,
1988-06-30,,,,,,,696626210.0,10.896,,,538500000.0,,1643700000.0,972200000.0
2002-09-30,-116000000.0,,-168000000.0,2155000000.0,5238000000.0,0.64,26757322235.0,13.948,,729000000.0,7299000000.0,612000000.0,28492000000.0,9676000000.0
2012-09-30,0.0,,,292000000.0,1373000000.0,0.26,,,,102000000.0,1596000000.0,13000000.0,5863000000.0,1038000000.0
2019-11-29,,,,,,,10293392846.0,,,,,,,
2010-01-29,,,,,,,44031903278.0,,,,,,,
2011-07-29,,,,,,,52224718216.0,,,,,,,
1990-08-31,,,,,,,625575600.0,4.727,,,,,,
2016-02-29,,,,,,,270568710025.0,171.412,1.774,,,,,
2000-08-31,,,,,,,12489673003.0,16.476,,,,,,
2021-03-02,,,,,,,113807887160.0,,,,,,,
2014-12-31,-2208000000.0,-2208000000.0,141000000.0,16338000000.0,23043000000.0,0.51,254149992600.0,17.074,1.906,7439000000.0,42018000000.0,5152000000.0,648349000000.0,128159000000.0
1995-04-28,,,,,,,18768639450.0,,,,,,,
2004-10-29,,,,,,,360721177960.0,,,,,,,
1998-04-30,,,,,,,21778439873.0,,,,,,,
1999-11-30,,,,,,,38162189690.0,18.136,,,,,,
1994-07-29,,,,,,,1270111360.0,,,,,,,
2004-03-31,-63000000.0,,,1370000000.0,4318000000.0,0.68,17781436470.0,17.08,,276000000.0,4760000000.0,269000000.0,16668000000.0,6217000000.0
1989-06-30,,,,6375000000.0,7195000000.0,0.09,47881933746.0,13.037,,,13431000000.0,972000000.0,120765000000.0,19591000000.0
2017-09-29,,,,,,,15675955684.0,,,,,,,
2002-01-31,,,,,,,23486152129.0,294.278,,,,,,
1995-12-31,-13200000.0,,-9400000.0,149900000.0,575700000.0,0.26,,,,-64700000.0,916600000.0,40400000.0,3007300000.0,1305100000.0
2008-03-31,-3110000000.0,,,21311000000.0,17993000000.0,0.43,368893474000.0,17.134,,3058000000.0,42273000000.0,4304000000.0,833890000000.0,116000000000.0
1988-03-31,,,,,,0.2,7073169925.0,14.345,,,3642000000.0,,,
2019-07-31,,,,,,,9436674797.0,12.367,,,,,,
2004-11-30,,,,,,,49867591747.0,18.104,,,,,,
2000-11-30,,,,,,,491109953526.0,40.515,,,,,,
2009-11-30,,,,,,,63040150399.0,16.048,,,,,,
2014-01-31,,,,,,,93616655711.0,21.017,1.951,,,,,
1996-06-28,,,,,,,13898670000.0,,,,,,,
2019-03-31,-36000000.0,-36000000.0,-84000000.0,618000000.0,1752000000.0,2.85,,,,-99000000.0,2080000000.0,118000000.0,7000000000.0,1563000000.0
1996-06-28,,,,,,,1856915440.0,,,,,,,
1995-12-31,-86000000.0,-71000000.0,,787000000.0,5514000000.0,,,,,536000000.0,6052000000.0,311000000.0,17648000000.0,6433000000.0
2016-07-29,,,,,,,8074816626.0,,,,,,,
1989-04-28,,,,,,,44176636577.0,,,,,,,
2017-07-31,,,,,,,143314077769.0,21.419,3.215,,,,,
1992-12-31,-10200000.0,,,119200000.0,480200000.0,0.16,941300860.0,9.177,,21600000.0,768800000.0,25400000.0,2432200000.0,1090000000.0
2014-12-31,-474000000.0,-474000000.0,-224000000.0,1570000000.0,11143000000.0,2.87,60852120000.0,19.471,2.158,-590000000.0,12530000000.0,904000000.0,37073000000.0,3400000000.0
1989-09-30,-10400000.0,,0.0,819000000.0,2087600000.0,0.23,,,,-74600000.0,2517300000.0,76500000.0,6630400000.0,2064300000.0
1995-02-28,,,,,,,93710355008.0,15.86,,,,,,
1987-03-31,,,,,,0.31,2197346624.0,,,,2250100000.0,,,
1996-03-31,-85000000.0,-70000000.0,,763000000.0,4637000000.0,0.675,,,,-262000000.0,5109000000.0,272000000.0,17682000000.0,6656000000.0
2015-04-30,,,,,,,272856157320.0,17.934,1.777,,,,,
1994-02-28,,,,,,,15901451500.0,14.253,,,,,,
1996-07-31,,,,,,,13597008432.0,19.515,,,,,,
1989-03-31,,,,,,0.015,5949762000.0,71.654,,,4464800000.0,,,
2019-11-29,,,,,,,128057314559.0,,,,,,,
1989-10-31,,,,,,,51360212338.0,13.185,,,,,,
2007-03-31,-2886000000.0,,,19690000000.0,16851000000.0,0.44,,,,37000000.0,40195000000.0,4508000000.0,714080000000.0,114169000000.0
1997-11-28,,,,,,,242014721846.0,,,,,,,
2011-11-30,,,,,,,4122624892.0,8.203,0.844,,,,,
2012-04-30,,,,,,,1950643003.0,,0.583,,,,,
1990-09-28,,,,,,,14302183500.0,,,,,,,
2012-10-31,,,,,,,2101332159.0,12.727,0.739,,,,,
2018-02-28,,,,,,,107762127468.0,23.639,2.076,,,,,
2011-03-31,-31700000.0,,-50300000.0,382600000.0,896300000.0,1.1,6345521737.0,10.531,1.077,79500000.0,1413300000.0,139500000.0,6029300000.0,2484500000.0
1992-05-29,,,,,,,65602130634.0,,,,,,,
2010-08-31,,,,,,,154808865600.0,14.337,,,,,,
2020-10-28,,,,,,,5728020104.0,,,,,,,
2014-07-31,,,,,,,96192273182.0,16.744,1.564,,,,,
2012-06-29,,,,,,,4693368899.0,,,,,,,
2000-03-31,-3500000.0,,200000.0,119500000.0,327600000.0,-0.105,2390584496.0,,,127700000.0,455200000.0,-14300000.0,2383300000.0,1403200000.0
2015-05-29,,,,,,,46075186024.0,,,,,,,
2020-07-31,,,,,,,42104465658.0,13.032,2.844,,,,,
2020-10-30,,,,,,,33851150281.0,,,,,,,
2005-11-30,,,,,,,54844251946.0,7.803,,,,,,
1994-05-31,,,,,,,8583707239.0,147.5,,,,,,
1992-10-30,,,,,,,12214440000.0,,,,,,,
2016-07-29,,,,,,,44842412920.0,,,,,,,
1995-12-29,,,,,,,26957633445.0,,,,,,,
2020-08-27,,,,,,,6213116109.0,,,,,,,
1988-02-29,,,,,,,1567558864.0,3.637,,,,,,
2002-02-28,,,,,,,2266975239.0,30.883,,,,,,
1999-12-31,-254000000.0,,-273000000.0,1957000000.0,4749000000.0,,30845490000.0,39.394,,-496000000.0,6410000000.0,56000000.0,24366000000.0,7566000000.0
1986-08-29,,,,,,,5637832704.0,,,,,,,
2015-08-31,,,,,,,62473336745.0,17.867,3.026,,,,,
2017-08-31,,,,,,,87949530262.0,24.084,3.525,,,,,
2020-08-31,,,,,,,96983582163.0,,,,,,,
1986-03-31,,,,,,0.095,647638590.0,11.021,,,517300000.0,,,
1988-01-29,,,,,,,1560078976.0,,,,,,,
2019-06-28,,,,,,,52522705221.0,,,,,,,
2019-11-29,,,,,,,98427097230.0,,,,,,,
1997-07-31,,,,,,,229263895245.0,30.226,,,,,,
2011-12-30,,,,,,,189082156410.0,,,,,,,
2010-06-30,0.0,,,,1469000000.0,-0.23,,,,67000000.0,1610000000.0,-11000000.0,,
2020-05-29,,,,,,,43055339313.0,,,,,,,
1995-04-28,,,,,,,95626366450.0,,,,,,,
2019-06-30,-610000000.0,-610000000.0,-40000000.0,11109000000.0,14413000000.0,2.22,,,,1562000000.0,19634000000.0,1900000000.0,138990000000.0,40754000000.0
1996-03-29,,,,,,,13671882752.0,,,,,,,
2000-09-30,-44000000.0,,,1033000000.0,5299000000.0,-1.74,,,,49000000.0,5960000000.0,-704000000.0,32271000000.0,7082000000.0
2010-08-31,,,,,,,5428837916.0,9.829,,,,,,
2007-04-30,,,,,,,379221467020.0,18.43,,,,,,
1990-01-31,,,,,,,56378815107.0,14.41,,,,,,
2017-06-30,-852000000.0,-852000000.0,-2500000000.0,12093000000.0,18388000000.0,2.93,117305013658.0,24.353,2.723,4380000000.0,22739000000.0,1761000000.0,90036000000.0,-2037000000.0
1989-12-31,-371000000.0,,-352000000.0,6666000000.0,8370000000.0,,,,,1097000000.0,15950000000.0,1173000000.0,128344000000.0,20890000000.0
2003-06-30,-143000000.0,,,4175000000.0,11646000000.0,-0.24,27460783315.0,,,672000000.0,12785000000.0,-192000000.0,51651000000.0,6966000000.0
1991-10-31,,,,,,,1555874349.0,,,,,,,
2012-10-31,,,,,,,53117175638.0,12.401,1.579,,,,,
2002-01-31,,,,,,,32690144992.0,12.009,,,,,,
1985-11-29,,,,,,,29929842695.0,,,,,,,
1999-02-26,,,,,,,7657131972.0,,,,,,,
2000-12-31,-125000000.0,,-1463000000.0,5040000000.0,12228000000.0,,,,,1783000000.0,14693000000.0,481000000.0,42028000000.0,11020000000.0
2011-03-31,-157000000.0,,-314000000.0,2510000000.0,6360000000.0,1.66,28584312213.0,11.064,0.961,266000000.0,7798000000.0,618000000.0,33104000000.0,13877000000.0
2016-02-29,,,,,,,78294701683.0,15.884,2.224,,,,,
2005-03-31,-8000000.0,,0.0,132600000.0,547400000.0,0.42,4358779015.0,25.508,,49200000.0,772100000.0,55800000.0,2373700000.0,1409200000.0
1991-01-31,,,,,,,55935615615.0,13.008,,,,,,
2009-09-30,-29000000.0,,-55300000.0,305500000.0,812100000.0,0.79,4928224104.0,16.711,1.061,113900000.0,1203000000.0,104500000.0,4391000000.0,1920800000.0
2017-12-29,,,,,,,60746687546.0,,,,,,,
2011-03-31,-1564000000.0,,,15747000000.0,16699000000.0,0.32,212639212350.0,16.04,1.067,4527000000.0,38448000000.0,3433000000.0,727837000000.0,123535000000.0
1997-01-31,,,,,,,17728914648.0,15.232,,,,,,
2001-09-28,,,,,,,19471041825.0,,,,,,,
2016-10-31,,,,,,,11086728599.0,32.44,,,,,,
2001-03-31,-1589000000.0,,,13927000000.0,11793000000.0,0.26,,,,1951000000.0,30493000000.0,2573000000.0,437985000000.0,50930000000.0
2007-07-31,,,,,,,40707049134.0,15.058,,,,,,
2019-04-30,,,,,,,94178661203.0,17.041,,,,,,
2018-12-31,-81000000.0,-81000000.0,0.0,521000000.0,1095000000.0,1.91,15858332924.0,21.171,,316000000.0,1666000000.0,225000000.0,9852000000.0,3412000000.0
2018-02-28,,,,,,,122524359046.0,,5.538,,,,,
2007-03-30,,,,,,,30928948664.0,,,,,,,
1992-08-31,,,,,,,12635498000.0,7.51,,,,,,
2006-04-28,,,,,,,359680586820.0,,,,,,,
2012-03-30,,,,,,,26386318021.0,,,,,,,
2010-03-31,-318000000.0,,0.0,7469000000.0,12144000000.0,0.71,55075592116.0,42.712,,-471000000.0,15216000000.0,519000000.0,62970000000.0,2942000000.0
2015-11-30,,,,,,,302670615660.0,58.706,2.586,,,,,
2015-11-30,,,,,,,46300130313.0,16.512,2.232,,,,,
2020-12-07,,,,,,,110927047755.0,,,,,,,
2014-12-31,-519000000.0,-519000000.0,-1001000000.0,10667000000.0,20711000000.0,2.05,91860447338.0,18.675,2.082,4330000000.0,24468000000.0,1466000000.0,99198000000.0,8665000000.0
2008-06-30,-300000000.0,,-906000000.0,30113000000.0,13885000000.0,1.18,48857538149.0,11.799,,-649000000.0,16962000000.0,852000000.0,58510000000.0,8594000000.0
2020-02-27,,,,,,,108433110963.0,,,,,,,
1998-07-31,,,,,,,37783194931.0,,,,,,,
2001-02-28,,,,,,,13670202428.0,15.219,,,,,,
2014-11-28,,,,,,,266017666371.0,,,,,,,
1994-02-28,,,,,,,8571196000.0,163.855,,,,,,
2009-11-30,,,,,,,170572869900.0,13.81,,,,,,
1992-02-28,,,,,,,6140636129.0,,,,,,,
2015-11-30,,,,,,,85198360998.0,15.15,2.48,,,,,
2005-04-29,,,,,,,49182920782.0,,,,,,,
1987-09-30,,,,,,0.02,7607454000.0,446.154,,,4212600000.0,,,
2002-03-31,-3300000.0,,,89700000.0,354300000.0,0.17,,,,112200000.0,483300000.0,22500000.0,1833900000.0,1134200000.0
1999-02-26,,,,,,,33414898743.0,,,,,,,
2001-09-30,-55000000.0,,0.0,896000000.0,2458000000.0,0.57,,,,167000000.0,3020000000.0,230000000.0,11015000000.0,4430000000.0
2019-01-31,,,,,,,88443613816.0,,2.534,,,,,
1988-12-31,,,,,,,,,,,4872000000.0,,12608000000.0,5404000000.0
2009-04-30,,,,,,,46009022025.0,10.503,1.034,,,,,
2017-12-31,-2233000000.0,-2233000000.0,,15153000000.0,25688000000.0,-1.13,,,,4059000000.0,32389000000.0,-9642000000.0,377945000000.0,64263000000.0
1998-07-31,,,,,,,21862604280.0,22.219,,,,,,
2012-10-31,,,,,,,30310435223.0,10.705,2.598,,,,,
1989-04-28,,,,,,,1658922389.0,,,,,,,
2003-06-30,-1926000000.0,,,20786000000.0,12425000000.0,0.38,287340503280.0,20.486,,6028000000.0,33373000000.0,3794000000.0,614857000000.0,71968000000.0
2014-11-28,,,,,,,7496088715.0,,,,,,,
1994-12-31,-616000000.0,,-567000000.0,6766000000.0,7908000000.0,,,,,3837000000.0,13314000000.0,768000000.0,194484000000.0,26387000000.0
2013-06-30,-5000000.0,-5000000.0,,287000000.0,1384000000.0,1.14,,,,0.0,1683000000.0,57000000.0,6047000000.0,873000000.0
1996-01-31,,,,,,,3691990120.0,14.975,,,,,,
2000-12-31,-51000000.0,,,1184000000.0,6886000000.0,,,,,54000000.0,7595000000.0,89000000.0,30349000000.0,7160000000.0
2018-06-29,,,,,,,100031436534.0,,,,,,,
2002-03-29,,,,,,,38517692206.0,,,,,,,
2019-04-30,,,,,,,19904163094.0,23.534,,,,,,
1997-03-31,-101000000.0,,-32000000.0,3827000000.0,6877000000.0,0.56,35549103688.0,25.032,,275000000.0,7318000000.0,377000000.0,28292000000.0,11189000000.0
2012-11-30,,,,,,,221575519000.0,15.887,1.199,,,,,
2005-03-31,-72000000.0,,-100000000.0,1446000000.0,4058000000.0,0.84,21450193635.0,16.858,,317000000.0,4819000000.0,336000000.0,17905000000.0,7396000000.0
2013-02-28,,,,,,,58149129333.0,15.049,1.229,,,,,
2019-02-28,,,,,,,90445782239.0,,7.421,,,,,
1987-02-27,,,,,,,899843750.0,,,,,,,
1995-09-29,,,,,,,10782579008.0,,,,,,,
2004-09-30,-168000000.0,,-115000000.0,4781000000.0,11164000000.0,0.56,43339744563.0,14.962,,343000000.0,13152000000.0,456000000.0,55388000000.0,9542000000.0
1989-07-31,,,,,,,841324200.0,7.24,,,,,,
2014-02-28,,,,,,,4937366061.0,19.562,1.07,,,,,
1989-03-31,,,,,,0.24,10446741842.0,16.138,,,4001000000.0,,,
2012-03-30,,,,,,,29171860421.0,,,,,,,
2009-07-31,,,,,,,51271162152.0,12.408,,,,,,
1997-11-28,,,,,,,38343503240.0,,,,,,,
2006-07-31,,,,,,,62900814411.0,18.399,,,,,,
2005-12-30,,,,,,,365341038118.0,,,,,,,
2017-12-29,,,,,,,92056008810.0,,,,,,,
1992-01-31,,,,,,,65090703265.0,14.583,,,,,,
2010-07-30,,,,,,,5675807470.0,,,,,,,
2003-04-30,,,,,,,28920503848.0,13.736,,,,,,
2004-04-30,,,,,,,18635375375.0,17.901,,,,,,
1987-06-30,,,,,,0.07,49631401530.0,20.597,,,9560000000.0,,,
2015-09-30,-547000000.0,-547000000.0,-1000000000.0,6333000000.0,9800000000.0,1.56,78935993183.0,12.768,2.703,475000000.0,13788000000.0,1362000000.0,92135000000.0,30525000000.0
1999-03-31,-28000000.0,,-1000000.0,215000000.0,1201000000.0,1.045,8189433500.0,15.012,,21000000.0,1377000000.0,265000000.0,5106000000.0,2489000000.0
1996-08-30,,,,,,,16958916378.0,,,,,,,
1997-02-28,,,,,,,36684676888.0,31.897,,,,,,
1999-04-30,,,,,,,2296693460.0,23.218,,,,,,
1995-10-31,,,,,,,1756182040.0,11.002,,,,,,
2020-07-28,,,,,,,108087729053.0,,,,,,,
2016-06-30,-2274000000.0,-2274000000.0,,13115000000.0,22383000000.0,0.3,282099614840.0,49.188,1.619,-5008000000.0,30344000000.0,2890000000.0,401461000000.0,84991000000.0
2011-02-28,,,,,,,222156787314.0,18.021,1.099,,,,,
2009-09-30,-339000000.0,-339000000.0,-430000000.0,4430000000.0,9836000000.0,1.15,57124276677.0,14.542,,1692000000.0,13375000000.0,1058000000.0,57577000000.0,18489000000.0
2019-06-28,,,,,,,102714158623.0,,,,,,,
1999-03-31,-1146000000.0,,-490000000.0,11959000000.0,8054000000.0,0.22,364543902611.0,38.279,,-1688000000.0,24062000000.0,2155000000.0,361736000000.0,38793000000.0
1986-09-30,,,,,,0.06,32852028941.0,13.021,,,9278000000.0,,,
1988-02-29,,,,,,,41125758142.0,18.958,,,,,,
1991-09-30,-10100000.0,,,160300000.0,432800000.0,0.085,608399000.0,38.95,,3800000.0,685900000.0,12800000.0,2466100000.0,1031300000.0
1992-04-30,,,,,,,15028640000.0,8.871,,,,,,
2004-03-31,-6600000.0,,-24100000.0,117000000.0,498700000.0,0.265,3215169175.0,33.853,,45400000.0,664200000.0,35500000.0,2195600000.0,1254000000.0
2011-06-30,-311000000.0,-311000000.0,,8262000000.0,13200000000.0,1.27,54750436948.0,15.597,1.334,1251000000.0,16543000000.0,941000000.0,72119000000.0,4733000000.0
1998-10-30,,,,,,,7515683000.0,,,,,,,
2019-10-28,,,,,,,50608317472.0,,,,,,,
2017-10-31,,,,,,,60606353591.0,19.185,3.941,,,,,
1993-04-30,,,,,,,6107098850.0,,,,,,,
1995-09-29,,,,,,,23414560669.0,,,,,,,
2000-05-31,,,,,,,35435919863.0,15.815,,,,,,
2020-12-31,-46000000.0,-46000000.0,0.0,460000000.0,2210000000.0,,6904440000.0,11.693,1.264,469000000.0,2757000000.0,249000000.0,8157000000.0,1901000000.0
2020-10-30,,,,,,,97960683337.0,,,,,,,
1995-06-30,-12000000.0,,-800000.0,168700000.0,545100000.0,,1537196580.0,10.01,,165400000.0,923300000.0,52900000.0,2836000000.0,1248800000.0
2005-02-28,,,,,,,45758411924.0,24.54,,,,,,
1995-08-31,,,,,,,1726858851.0,11.175,,,,,,
2018-03-30,,,,,,,192539137583.0,,,,,,,
1995-08-31,,,,,,,6096411131.0,23.12,,,,,,
2001-04-30,,,,,,,15489140287.0,16.193,,,,,,
2006-08-31,,,,,,,63426757866.0,18.553,,,,,,
1995-09-29,,,,,,,1658137040.0,,,,,,,
2014-08-29,,,,,,,7459327001.0,,,,,,,
2004-12-31,-111000000.0,,-208000000.0,1726000000.0,9515000000.0,,24505401325.0,19.629,,-287000000.0,9965000000.0,372000000.0,25554000000.0,7021000000.0
2019-09-30,-1156000000.0,-1156000000.0,0.0,15101000000.0,16930000000.0,2.07,214124237995.0,44.396,0.925,-2889000000.0,19980000000.0,1167000000.0,132598000000.0,-4116000000.0
2003-12-31,-63000000.0,,0.0,1317000000.0,5187000000.0,,17894164094.0,18.078,,788000000.0,4834000000.0,279000000.0,16183000000.0,5921000000.0
2008-11-28,,,,,,,170935179520.0,,,,,,,
1994-05-31,,,,,,,15788971671.0,14.583,,,,,,
1986-01-31,,,,,,,605581900.0,10.033,,,,,,
2013-07-31,,,,,,,96861458384.0,19.195,1.445,,,,,
2019-04-30,,,,,,,88690617360.0,,3.632,,,,,
2008-08-29,,,,,,,7026527273.0,,,,,,,
1986-07-31,,,,,,,666970560.0,11.189,,,,,,
1996-06-28,,,,,,,143386455203.0,,,,,,,
1990-07-31,,,,,,,20006679000.0,19.777,,,,,,
2007-02-28,,,,,,,41090565765.0,16.769,,,,,,
2012-12-31,-42100000.0,-42100000.0,-50300000.0,299000000.0,845400000.0,0.43,5502944341.0,9.911,2.008,120000000.0,1286900000.0,48500000.0,5241300000.0,1822800000.0
2021-03-03,,,,,,,48078152838.0,,,,,,,
2011-11-30,,,,,,,51052774095.0,13.575,1.388,,,,,
2012-08-31,,,,,,,218673659240.0,16.702,1.121,,,,,
2000-10-31,,,,,,,14258486921.0,16.376,,,,,,
1993-10-29,,,,,,,7749318000.0,,,,,,,
2015-01-30,,,,,,,44247579361.0,,,,,,,
2002-02-28,,,,,,,36689598628.0,13.478,,,,,,
2002-02-28,,,,,,,18243755311.0,19.544,,,,,,
1986-06-30,,,,,,0.007,6083302500.0,108.791,,,4006500000.0,,,
2003-05-30,,,,,,,286838189400.0,,,,,,,
2006-04-28,,,,,,,26489533439.0,,,,,,,
2011-11-30,,,,,,,69406315445.0,14.371,1.408,,,,,
1989-09-30,-70000000.0,,,4918000000.0,5948000000.0,0.35,,,,-504000000.0,6356000000.0,242000000.0,12904000000.0,5822000000.0
2009-08-31,,,,,,,28818946822.0,9.984,,,,,,
2011-02-28,,,,,,,28370288462.0,11.161,0.955,,,,,
2020-08-04,,,,,,,105664099479.0,,,,,,,
2000-12-31,-3300000.0,,-40500000.0,102100000.0,362500000.0,0.12,,,,-32300000.0,486900000.0,16000000.0,1962200000.0,1087200000.0
2012-07-31,,,,,,,55565360911.0,12.787,1.863,,,,,
2012-05-31,,,,,,,1819052514.0,,0.665,,,,,
1994-11-30,,,,,,,2538732525.0,9.675,,,,,,
2009-09-30,-147000000.0,,0.0,2316000000.0,6393000000.0,1.48,24876852501.0,10.353,1.132,510000000.0,7719000000.0,572000000.0,29775000000.0,11718000000.0
2003-10-31,,,,,,,16550577776.0,16.978,,,,,,
1996-10-31,,,,,,,159450682425.0,23.036,,,,,,
1987-07-31,,,,,,,8213239245.0,14.187,,,,,,
2017-08-31,,,,,,,95602711405.0,18.306,2.128,,,,,
1986-10-31,,,,,,,8198105237.0,12.639,,,,,,
1998-08-31,,,,,,,260568383127.0,30.305,,,,,,
1997-09-30,-26000000.0,,0.0,158000000.0,854000000.0,0.325,5508345612.0,18.268,,-134000000.0,988000000.0,82000000.0,3492000000.0,1856000000.0
2004-10-29,,,,,,,20453372571.0,,,,,,,
2019-08-30,,,,,,,55247214832.0,,,,,,,
2017-05-31,,,,,,,113249901528.0,23.107,2.704,,,,,
2020-10-30,,,,,,,82496676260.0,,,,,,,
2000-09-30,-51000000.0,,-19000000.0,595000000.0,1950000000.0,0.74,,,,205000000.0,2502000000.0,294000000.0,8231000000.0,3577000000.0
1999-02-26,,,,,,,328551924191.0,,,,,,,
2013-06-30,-198000000.0,-198000000.0,-485000000.0,2444000000.0,6427000000.0,1.82,,,,486000000.0,7911000000.0,640000000.0,34731000000.0,11756000000.0
2010-11-30,,,,,,,5675075214.0,9.294,1.787,,,,,
2015-03-31,-639000000.0,-639000000.0,-2500000000.0,11497000000.0,18496000000.0,1.89,104156062989.0,20.336,2.224,-486000000.0,22149000000.0,1336000000.0,97775000000.0,7906000000.0
1996-01-31,,,,,,,128036164177.0,19.68,,,,,,
2013-09-30,-367000000.0,-367000000.0,-799000000.0,10657000000.0,18674000000.0,1.53,88349431462.0,21.481,2.62,2324000000.0,22130000000.0,1158000000.0,94633000000.0,8951000000.0
2011-12-30,,,,,,,66225947727.0,,,,,,,
2017-03-31,-544000000.0,-544000000.0,-500000000.0,2718000000.0,9904000000.0,2.63,77454960982.0,21.616,3.409,1496000000.0,11057000000.0,763000000.0,48836000000.0,1483000000.0
2009-02-27,,,,,,,4981451795.0,,,,,,,
2002-07-31,,,,,,,29164217592.0,72.852,,,,,,
1994-12-31,-85000000.0,,,3207000000.0,4898000000.0,,,,,322000000.0,5120000000.0,157000000.0,21463000000.0,9700000000.0
2020-08-10,,,,,,,6848438006.0,,,,,,,
2015-03-31,-49200000.0,-49200000.0,-1000000.0,279600000.0,753400000.0,1.21,8200395742.0,15.596,4.027,149800000.0,1186600000.0,125700000.0,4834500000.0,1840700000.0
1991-06-28,,,,,,,5408797000.0,,,,,,,
1994-03-31,-18000000.0,,,562000000.0,653000000.0,0.215,2691137966.0,9.515,,-51000000.0,800000000.0,55000000.0,2630000000.0,1220000000.0
1990-06-30,-10400000.0,,,1115300000.0,2675400000.0,-0.72,,,,226300000.0,2624400000.0,-240000000.0,6776600000.0,1992500000.0
1996-12-31,-758000000.0,,-373000000.0,10205000000.0,8558000000.0,,162765210900.0,22.471,,4743000000.0,22848000000.0,2067000000.0,272402000000.0,31125000000.0
2020-08-14,,,,,,,44893448936.0,,,,,,,
1996-07-31,,,,,,,30597125001.0,29.402,,,,,,
2020-10-30,,,,,,,5971851302.0,,,,,,,
1993-06-30,-85000000.0,,,5711000000.0,7173000000.0,0.63,12568271000.0,8.852,,412000000.0,7985000000.0,426000000.0,19863000000.0,8645000000.0
1997-09-30,-849000000.0,,-245000000.0,9662000000.0,7248000000.0,0.21,222977868396.0,28.598,,-42000000.0,21806000000.0,2014000000.0,285354000000.0,33696000000.0
1993-08-31,,,,,,,83985974682.0,22.128,,,,,,
2019-03-31,-609000000.0,-609000000.0,-29000000.0,10364000000.0,13707000000.0,1.58,,,,1050000000.0,18365000000.0,1346000000.0,137380000000.0,39738000000.0
2015-07-31,,,,,,,10257667202.0,16.688,,,,,,
2019-07-31,,,,,,,115274259008.0,21.974,1.733,,,,,
2003-09-30,-127000000.0,,-50000000.0,2695000000.0,5713000000.0,0.67,36364824326.0,16.837,,896000000.0,7954000000.0,639000000.0,34062000000.0,10119000000.0
2011-02-28,,,,,,,27695650384.0,11.025,0.96,,,,,
1996-12-31,-26000000.0,,0.0,182000000.0,786000000.0,,4464466500.0,16.621,,458000000.0,896000000.0,70000000.0,3299000000.0,1714000000.0
1998-12-31,-19200000.0,,,192700000.0,524100000.0,0.33,2416049180.0,20.585,,38800000.0,919400000.0,52800000.0,3896300000.0,1641100000.0
1991-01-31,,,,,,,5754910000.0,68.345,,,,,,
1998-12-31,-27000000.0,,-3000000.0,295000000.0,1284000000.0,,7474946000.0,20.629,,-96000000.0,1466000000.0,96000000.0,4572000000.0,2219000000.0
2002-12-31,-114000000.0,,-306000000.0,2095000000.0,5248000000.0,,29144617200.0,14.041,,422000000.0,7215000000.0,533000000.0,29090000000.0,8355000000.0
2014-03-31,-540000000.0,-540000000.0,-2500000000.0,10779000000.0,17296000000.0,1.3,91701888903.0,21.055,2.108,615000000.0,20465000000.0,965000000.0,91575000000.0,14520000000.0
2017-07-31,,,,,,,221729997060.0,29.437,1.193,,,,,
2021-01-08,,,,,,,106097529520.0,,,,,,,
